3584 5400
715 611 934 689 ..13-

241 816 343 900 poem
378 815 474 890 addo.
521 817 619 885 Aliud
651 817 760 902 vulpis
797 836 915 884 nomen
950 814 1104 903 σκαφώρη
1144 819 1205 899 est,
1245 817 1282 883 ut
1320 813 1435 893 docet,

240 924 398 994 Aelianus
420 924 458 992 N.
482 924 521 991 A.
536 925 611 1008 VII,
627 923 686 992 47:
714 922 900 990 ἀλωπέκων
924 924 962 989 δὲ
984 922 1028 988 τοὶ
1053 920 1171 1004 ἔκγονα
1197 919 1416 998 ἅλωπεκιδεῑς

240 1031 426 1117 κέκληνται,
451 1027 538 1117 αὐτή
563 1031 601 1096 δὲ
623 1029 646 1117 ἤ
667 1032 774 1119 μήτηρ
797 1040 855 1096 καὶ
878 1029 982 1115 captiui
1006 1038 1064 1095 καὶ
1085 1029 1240 1116 σκαφώρη
1257 1037 1315 1093 καῖ
1332 1047 1414 1093 σκιν·

242 1137 359 1221 δαφός.
389 1134 593 1225 Σκαφώρη,1)
611 1138 759 1224 σκάπτω,
777 1138 932 1223 σκαφεύς,
950 1138 1074 1222 σκάφος
1088 1137 1177 1204 inter
1192 1155 1228 1204 se
1241 1137 1416 1209 cohaerere

242 1244 462 1329 cumGeorgio
471 1244 582 1312 Curtio
591 1244 805 1332 (Grundztge
818 1246 876 1313 der
883 1245 1111 1330 griechischen
1119 1243 1327 1329 Etymologie
1336 1240 1416 1329 167)

242 1351 388 1419 ostendit
399 1351 602 1419 Schraderus
614 1351 666 1440 (B.
679 1354 788 1420 B.XV
799 1351 844 1439 2))
857 1351 1028 1420 simillimis
1040 1351 1150 1420 verbis
1163 1351 1417 1433 allatis;vooem

242 1458 453 1554 compositam
477 1478 551 1527 esse
575 1477 617 1526 ex
640 1459 764 1544 σκάφος
778 1483 824 1522 ;
839 1459 939 1528 fovea
961 1462 996 1527 et
1018 1458 1138 1526 suffixo
1169 1483 1250 1545 ωρος
1264 1481 1309 1520 z
1325 1482 1417 1545 ουρος

243 1551 301 1650 (cf.
319 1563 480 1653 οἰκουρός)
495 1565 709 1650 probabiliter
725 1553 864 1635 coniecit
878 1567 1055 1650 Maassius,
1079 1556 1117 1633 ut
1135 1566 1277 1650 benigne
1292 1583 1416 1632 meeum

242 1673 508 1755 communicavit
537 1674 623 1756 quod
654 1693 725 1741 eum
756 1673 803 1741 eis
835 1693 920 1757 quae
950 1675 991 1742 de
1017 1674 1115 1758 vulpe
1144 1672 1287 1755 feminea
1317 1691 1418 1755 supra

243 1780 378 1864 exposui
424 1780 544 1864 optime
583 1781 744 1865 congrunt.
800 1775 1040 1866 Schraderusb
1079 1779 1165 1862 quod
1203 1799 1223 1846 a
1254 1777 1418 1868 Semiticis

240 1886 395 1971 gentibus
418 1887 564 1954 Graecos
595 1889 636 1954 de
658 1887 724 1955 illis
746 1886 874 1954 bestiae
897 1886 1041 1954 moribus
1065 1890 1165 1954 antea
1187 1904 1253 1952 non
1276 1885 1417 1969 cognitis

243 1993 400 2060 certiores
424 1993 532 2062 factos
549 2013 622 2061 esse
639 1998 762 2076 censet,
783 1994 984 2061 Graecorum
1000 1993 1147 2063 nativam
1162 1993 1251 2078 iliam
1266 1991 1418 2071 indolem,

242 2120 308 2183 qua
338 2103 376 2166 ut
407 2101 480 2168 aliis
510 2100 545 2168 in
576 2103 674 2168 rebus
704 2102 754 2168 ita
783 2101 816 2168 in
848 2100 1036 2168 animalium
1068 2102 1189 2170 natura
1211 2099 1418 2181 moribusque

242 2207 457 2275 observandis
470 2226 511 2274 ao
522 2207 843 2298 depingendissuum
855 2211 1036 2290 sequuntur
1045 2207 1221 2292 ingenium,
1230 2205 1418 2290 neglexisse

243 2314 371 2382 omnino
394 2314 473 2381 mihi
494 2313 635 2382 videtur.

640 2559 779 2644 Μιμώ,
809 2553 1018 2636 Καλλίας.

331 2720 438 2805 Μιμώ
468 2718 684 2804 (Baba-157)
718 2720 929 2805 „imitatrix“,
967 2720 1122 2789 feminine
1152 2723 1193 2788 de
1222 2737 1319 2806 μῖμος
1351 2723 1416 2791 ior·

240 2830 364 2895 matum
395 2828 598 2897 vocabulum.
651 2829 733 2909 Vox,
771 2827 835 2895 etsi
869 2826 1013 2895 fortasse
1044 2828 1189 2911 antiqua,
1227 2830 1265 2895 in.
1295 2829 1417 2897 litteris

241 2937 375 3017 praeter
404 2934 560 3003 Babrium
599 2936 686 3018 apud
715 2934 921 3018 Byzantinos
949 2934 1085 3016 demum,
1123 2955 1203 3003 casu
1233 2940 1332 3018 certe,
1368 2937 1417 3003 in·

239 3041 389 3131 ¹venitur:
419 3038 654 3125 Eustatbius4)
679 3059 766 3108 saec.
788 3041 856 3107 XII
883 3040 933 3127 (in
955 3041 1099 3109 Eroticis
1122 3042 1337 3127 scriptoribus
1368 3044 1417 3129 ed.

243 3148 509 3231 Heroheer.
537 3144 955 3228 251,19=ed.Pa1-1s.
985 3170 1017 3233 p.
1044 3146 1142 3234 576):
1252 3201 1258 3215 .
1285 3202 1325 3215 ..
1358 3158 1416 3215 καὶ

335 3343 361 3410 1)
379 3342 423 3397 De
442 3341 483 3395 eis
502 3340 662 3394 nominibus
681 3356 753 3409 quae
781 3340 809 3394 in
828 3362 892 3413 ουρα
911 3347 1015 3397 exeunt
1033 3340 1100 3397 vide
1119 3359 1142 3397 s.
1160 3361 1189 3398 v.
1207 3348 1334 3417 πίσυρας
1359 3322 1417 3398 non

244 3430 329 3484 modo
353 3430 439 3497 feles,
465 3430 516 3484 sed
540 3430 624 3485 etiam
647 3430 749 3499 vulpes
772 3430 892 3485 vocibus
912 3430 1105 3485 offerebantur
1124 3432 1179 3500 eis,
1206 3448 1278 3501 qnae
1303 3433 1364 3487 sive
1383 3448 1418 3487 ex

243 3519 372 3574 ubertate
391 3518 512 3589 quadam
530 3518 630 3588 populi
648 3518 755 3587 ingenii
771 3520 834 3573 sive
852 3534 954 3575 revera
977 3520 1041 3589 ipsa
1067 3537 1129 3575 cum
1154 3543 1219 3595 ουρα
1243 3522 1331 3591 stirpe
1351 3538 1418 3575 oon-

244 3608 417 3664 ierebantur.
436 3638 470 3649 -
491 3607 526 3663 cf.
547 3624 609 3662 cum
628 3610 731 3682 κίραφος
754 3608 874 3665 ktielhas
901 3609 936 3664 de
955 3609 1059 3670 kiieIen
1078 3630 1112 3659 =
1132 3611 1244 3666 withlen
1268 3628 1321 3682 pro
1338 3612 1417 3666 'onni-

244 3699 308 3753 culo
334 3698 549 3768 (Vorarlbarg):
575 3697 610 3752 K.
629 3697 674 3752 W.
699 3697 734 3752 do
759 3699 846 3753 Dalla
863 3699 967 3766 Torta,
995 3699 1049 3754 Dio
1076 3699 1317 3755 volkstiimliohen
1342 3700 1419 3755 Tier-

243 3803 344 3843 nemon
362 3787 392 3841 in
407 3786 485 3841 'iirol
503 3786 562 3840 und
573 3786 761 3856 Vorarlberg‚
779 3787 808 3841 in
829 3786 998 3857 „Beitritgon
1018 3804 1042 3843 z.
1054 3787 1292 3859 Anthropologie,
1311 3789 1417 3844 Ethno-

243 3876 321 3947 logio
332 3892 359 3931 u.
373 3874 580 3946 Urgoschichto
592 3888 650 3929 von
663 3874 741 3929 Tirol
754 3876 813 3931 und
826 3876 1019 3945 Vorarlberg“
1040 3877 1208 3945 (Innsbruok
1221 3877 1302 3948 1894)
1314 3895 1342 3949 p.
1356 3881 1416 3934 111.

332 3985 360 4051 2)
379 3983 411 4037 In
437 3981 541 4037 suffixo
567 4002 633 4054 -ωρη
660 3980 724 4055 οὐρά
752 3982 866 4051 stirpem
893 3982 987 4038 inesse
1018 3983 1193 4039 Schraderus
1220 3989 1303 4056 putat
1326 4001 1417 4054 noque

244 4076 338 4127 autom
358 4070 517 4126 Atticorum
545 4070 593 4125 vel
620 4070 718 4125 Ionum
747 4070 798 4126 sed
824 4072 933 4125 Dorum
959 4071 1052 4128 inesse
1080 4072 1213 4143 formam,
1242 4073 1319 4144 apud
1345 4089 1417 4143 quos

243 4160 406 4216 notissimus
434 4164 496 4215 erat
522 4158 639 4229 vulpes,
677 4159 713 4215 oi.
738 4165 805 4231 φοῠα
832 4175 865 4215 ae
890 4162 994 4234 σραφος
1019 4162 1134 4217 nomina
1160 4178 1179 4217 a
1202 4162 1351 4217 Laconicis
1376 4162 1416 4217 in·

245 4250 306 4305 dita
322 4248 422 4320 (Hos).

332 4357 363 4427 3)
379 4354 479 4410 Kulins
495 4354 656 4410 Zeitschriit
673 4353 694 4411 i.
706 4355 926 4425 verglaichondo
939 4356 1206 4427 Spracbiorsohung
1223 4358 1267 4427 30,
1286 4359 1322 4415 N.
1329 4358 1361 4415 F.
1373 4359 1416 4414 10.

333 4463 362 4533 4)
378 4461 428 4517 Sic
446 4460 547 4517 Rohdo
566 4468 595 4517 ot
613 4461 676 4531 alii3
695 4461 876 4529 ‘Emmathius’
895 4463 1091 4522 Krumbacher
1109 4465 1226 4520 mavult.
