3584 5400
853 610 1071 684 ...16-

373 813 486 897 stirpis
509 817 608 896 atque
634 813 788 898 „foedus“
815 812 1007 880 Latinorum
1034 831 1108 880 esso
1131 812 1341 897 Graecosque
1363 809 1419 879 ubi
1441 827 1547 880 novae

375 921 552 990 animantis
575 940 682 988 mores
705 920 941 1006 cognovissent
962 939 1080 988 nomen
1102 921 1151 987 illi
1172 921 1332 988 indidisse
1347 919 1547 990 Solnsenius

375 1029 521 1096 ostendit
551 1025 969 1118 (Mus.auen.53,142).
1015 1028 1100 1112 Quid
1130 1027 1258 1098 multa?
1304 1026 1456 1102 Καλλίας
1485 1025 1548 1094 ioci

376 1156 478 1204 causa
509 1135 635 1206 simiam
667 1135 827 1220 appellari
856 1135 1018 1203 neminem
1040 1134 1155 1220 fugiet.
1201 1136 1293 1220 Quae
1322 1153 1390 1203 vox
1418 1133 1547 1216 quanuo

374 1252 450 1310 orta
487 1242 532 1310 sit
562 1246 651 1310 certo
681 1242 788 1334 hodie
808 1261 1006 1328 cognoscere
1036 1261 1102 1309 nou
1132 1261 1321 1327 possumus;
1350 1243 1434 1309 haec
1464 1240 1547 1308 aduc

373 1350 578 1418 testimonia:
625 1351 772 1436 Καλλίης
794 1350 828 1417 in
852 1351 1031 1417 Herondae
1053 1349 1247 1418 mimiambis
1270 1346 1393 1435 (Orus.)
1416 1345 1547 1416 11141:

374 1454 510 1542 κοίθηθ’
528 1453 612 1534 ὅκως
627 1482 676 1536 τις
699 1458 836 1544 καλλίης
859 1458 950 1523 κάτω
975 1458 1120 1522 κύπτων.
1158 1457 1305 1525 Galenus
1329 1458 1370 1524 de
1386 1457 1547 1539 11811ρᾶ11.

375 1562 475 1631 122:
516 1561 666 1650 Εὐήθεις
690 1560 871 1653 ἄνθρωποι
894 1565 1049 1646 λέγονται
1065 1569 1134 1648 μὲν
1156 1573 1214 1632 καὶ
1246 1567 1275 1628 ολ
1306 1562 1488 1649 κακοήθεις
1509 1560 1547 1626 ἐν

373 1667 545 1758 ιλποκρίσει
567 1682 644 1748 τινί,
667 1673 831 1760 καθάπερ
854 1680 912 1736 καῖ
937 1677 1081 1758 πίθηκος
1104 1671 1253 1747 καλλίας.
1301 1669 1473 1737 Helladius
1496 1687 1548 1751 up.

375 1777 469 1844 Phot.
499 1778 583 1846 Bibl.
618 1799 649 1861 p.
683 1777 765 1860 535,
801 1778 852 1846 11.
897 1779 1057 1864 Hesychii
1091 1779 1220 1863 glossa:
1259 1776 1416 1863 Καλλίαρ
1451 1772 1546 1862 παρα

375 1884 544 1950 Λάκωσιν.
600 1885 719 1952 suidas
751 1905 777 1953 S.
809 1906 841 1954 v.
871 1886 1031 1962 καλλίας.·
1063 1938 1069 1950 .
1097 1937 1103 1950 .
1130 1937 1136 1949 .
1173 1893 1231 1949 καὶ
1261 1884 1409 1959 καλλίοο,
1445 1882 1547 1967 πιθή-

375 2015 442 2057 κου.
466 1991 509 2056 τοὶ
536 1992 676 2080 δυσχερῆ
697 1991 763 2079 γαρ
785 1995 851 2057 τῶν
877 1989 1053 2076 ὀνομάτων
1079 1989 1304 2079 εὐφημότερον
1327 1992 1492 2056 εἰώθασιν
1517 1992 1547 2054 oi

378 2094 563 2163 Ἀττικοί
590 2104 830 2186 προφέρεσθαι,
854 2108 912 2163 καὶ
935 2098 996 2164 οόν
1020 2104 1168 2184 πίθηκον
1199 2089 1259 2164 οὖν
1282 2099 1426 2167 καλλίαν
1450 2116 1544 2184 προσ-

374 2193 568 2293 ηγόρεοσαν.
602 2207 692 2274 Idem
707 2206 864 2274 Dinarchi
879 2209 986 2274 locum
1002 2206 1114 2274 afferi:
1144 2211 1323 2293 Δείναρχος
1338 2205 1376 2271 ἐν
1397 2207 1444 2293 τῷ
1459 2204 1550 2270 κατα

375 2319 530 2380 Πυθέαν
555 2311 652 2390 Ἀλλ’,
677 2313 780 2398 οἶμαι,
812 2309 921 2403 ὥσπερ
950 2318 979 2378 ολ
1010 2314 1086 2390 τούς
1116 2314 1256 2390 καλλίας
1286 2312 1324 2378 ἐν
1338 2394 1340 2399 Ι
1353 2327 1420 2389 τοῖς
1450 2315 1550 2389 οἴκοις

321 2499 323 2506 Ι
375 2430 555 2508 τρέφοντες.
592 2421 852 2498 (lentescimus
875 2422 990 2492 simiae
1012 2441 1129 2488 nomen
1152 2426 1190 2488 ut
1211 2419 1363 2495 Καλλίας
1386 2419 1551 2487 homiuum

374 2528 539 2612 proprium
555 2547 672 2604 nomen
695 2529 797 2614 (apud
811 2530 1014 2596 Herodotum
1028 2529 1094 2595 iam
1110 2529 1239 2597 obvium
1255 2525 1349 2610 v44,
1365 2527 1412 2595 VI
1428 2523 1491 2594 121
1500 2525 1550 2612 ¹))

375 2633 459 2703 satis
497 2638 663 2703 vetustum
701 2655 774 2705 esse
812 2629 972 2705 existimo.
1028 2636 1105 2704 Alia
1141 2636 1175 2704 in
1212 2635 1317 2703 medio
1355 2634 1551 2717 relinquitur

375 2742 534 2825 quaestio,
565 2747 672 2810 utrum
695 2746 778 2811 haec
801 2744 977 2827 appellatio
1001 2743 1149 2819 funditus
1173 2746 1297 2812 novata
1319 2763 1362 2810 an
1385 2762 1427 2809 ex
1449 2742 1548 2810 homi·

375 2868 451 2916 num
474 2850 602 2918 nornine
625 2850 796 2919 usitatiore
818 2852 985 2919 translata
1007 2851 1061 2918 sit.

802 3136 804 3141 ’
861 3127 1062 3223 Κνηκίας.
1105 3203 1107 3208 ,

465 3313 504 3378 In
528 3313 643 3381 Babrii
665 3313 780 3381 fabula
804 3314 878 3397 122,
895 3314 936 3382 11
960 3317 1216 3405 Ιιιρσεκιηκίας
1240 3316 1442 3383 nominatur:
1522 3401 1526 3407 .

511 3426 513 3433 ¹
589 3434 621 3501 ‘0
646 3438 676 3502 δ’
698 3438 852 3515 ἐκλυθεὶς
876 3439 994 3505 πόνων
1016 3465 1052 3503 τε
1075 3437 1192 3525 κοῖνίης
1216 3440 1327 3526 πάσης

592 3543 661 3610 Τδν
684 3556 820 3632 κνηκίην
842 3545 1010 3628 χάσκονεα
1027 3546 1186 3623 λακτίσας
1210 3547 1333 3631 φεύγει,

377 3686 471 3749 quem
493 3668 558 3736 iarn
582 3669 615 3736 in
639 3668 754 3737 fabula
778 3669 885 3751 113,2
909 3669 1148 3757 anquiritano
1165 3672 1355 3756 appellavit.
1389 3673 1461 3739 Hoc
1476 3673 1552 3739 loco

375 3779 475 3871 poeta
498 3775 577 3841 dicit
600 3778 639 3843 de
663 3796 755 3860 equo,
778 3777 834 3859 qui
856 3778 967 3862 lupum
991 3778 1122 3845 diducto
1141 3778 1286 3846 hiantem
1302 3779 1387 3845 rictu
1404 3779 1553 3846 oucibus

375 3870 535 3965 impetens
552 3882 755 3967 aufugiebat.
786 3885 859 3950 Non
882 3888 935 3951 est
950 3885 1090 3966 dubium,
1114 3885 1192 3967 quin
1207 3887 1269 3952 hoc
1285 3886 1325 3952 de
1340 3905 1403 3967 quo
1421 3885 1553 3969 agimus

466 4113 492 4178 1)
510 4110 656 4181 Aristoph.
668 4112 745 4167 Aves
758 4115 819 4181 284,
837 4113 887 4168 ubi
906 4115 961 4169 iarn
972 4117 1076 4168 καίλίαι
1094 4131 1146 4185 pro
1166 4115 1246 4170 simio
1265 4116 1388 4170 fortasse
1406 4116 1435 4169 in
1453 4121 1551 4181 mente

376 4199 463 4253 habet
480 4200 642 4270 Euelpides.
679 4202 783 4257 Postea
803 4203 966 4273 saepissimo
985 4206 1099 4263 Καλλίας
1124 4220 1224 4259 nornen
1243 4203 1430 4272 offendimus,
1454 4204 1550 4259 aliero

374 4304 411 4366 ex
429 4288 516 4345 Inscr.
534 4288 583 4346 Gr.
602 4291 699 4361 Pelop.
719 4297 747 4345 et
764 4291 817 4347 ins.
836 4292 891 4347 vic.
910 4292 981 4361 (vol.
1000 4292 1024 4361 Ι)
1044 4293 1095 4347 757
1113 4293 1192 4361 1425,
1210 4294 1273 4361 Β8,
1293 4295 1353 4361 926,
1371 4294 1415 4348 84.
1433 4294 1477 4349 35.
1495 4294 1551 4366 483

378 4380 462 4448 14643
481 4378 559 4448 1484,
577 4380 627 4452 58;
647 4381 724 4449 1485,
743 4381 787 4436 77.
806 4381 849 4437 78.
867 4380 912 4438 80,
930 4382 974 4438 82.
992 4382 1036 4437 84.
1054 4382 1169 4438 87-89.
1189 4384 1240 4438 118
1259 4388 1313 4440 eto.
1337 4410 1373 4425 -
1397 4384 1488 4437 Ιίίθοι
1512 4400 1550 4438 ac

377 4466 478 4521 similia
496 4468 609 4522 nomina
626 4467 759 4539 inspicias
778 4470 855 4539 apud
873 4470 992 4525 eundem
1011 4469 1206 4527 Solmseninm.
