3584 5400
725 659 948 729 ..43-

340 858 411 944 Quo
442 877 514 927 cum
543 858 615 927 loco
646 857 768 943 optime
798 858 935 948 Publilii
964 857 1041 943 syn·
1071 877 1190 929 versus
1222 877 1243 927 a
1267 857 1425 926 Petronio

249 964 320 1054 (55,
338 993 377 1028 =
399 966 494 1035 Ribb.
517 985 563 1035 sc.
585 985 617 1050 p.
640 966 686 1054 fg.
709 966 745 1034 II
766 987 798 1051 p.
821 964 902 1053 304)
931 971 1084 1036 servatos
1107 965 1174 1035 viri
1195 965 1286 1034 docti
1296 963 1323 1051 ¹)
1348 984 1423 1033 con-

251 1075 418 1144 tulerunt:
875 1153 876 1156 ¹
1440 1148 1442 1152 ,

291 1239 293 1244 .
338 1181 487 1266 „Gitonis
497 1183 589 1248 mom
599 1188 694 1269 proto
704 1183 874 1269 parops-ino
887 1182 1009 1268 hospita
1023 1183 1250 1264 piotob‘ooltria
1262 1183 1427 1270 procilipcs

250 1291 441 1358 crotalistria
462 1291 529 1356 ooo's
551 1290 625 1356 caol
644 1289 759 1371 motis,
785 1290 894 1356 scobs
917 1290 1014 1371 tepidi
1029 1291 1175 1372 lamponis
1191 1339 1200 1355 .
1217 1338 1225 1356 .
1243 1287 1282 1355 .‘.‘
1294 1285 1323 1374 2)
1362 1287 1428 1355 sed

248 1397 404 1468 ¹exoritur
435 1396 595 1480 quaestio,
626 1399 737 1463 utrum
759 1397 931 1464 Phaedrus
961 1397 1016 1464 hic
1044 1397 1136 1466 illum
1165 1396 1208 1463 ad
1233 1396 1427 1465 imitandum

250 1505 316 1573 sibi
329 1503 539 1597 proposuerit
555 1523 668 1572 necne.
694 1504 804 1588 Quare
819 1505 909 1571 haud
929 1506 990 1572 abs
1005 1492 1042 1573 re
1056 1510 1137 1588 puto
1153 1504 1315 1587 qumdam
1330 1505 1426 1575 huius

251 1612 407 1703 carminis
431 1611 563 1680 nomina
585 1611 620 1680 in
644 1614 924 1696 comparationem
946 1631 1077 1681 vocare.

342 1721 468 1788 Oioooio
498 1727 593 1808 proto
622 1723 790 1809 paroprino
819 1722 953 1804 bospo'to.
1007 1720 1091 1790 Avis
1130 1738 1211 1792 sanc
1250 1718 1429 1806 peregrina

249 1841 400 1912 vocatur,
433 1827 511 1911 quia
541 1829 720 1911 quotannis
748 1829 849 1896 statis
872 1827 1076 1912 temporibus
1105 1847 1247 1912 peregre
1278 1827 1371 1896 abire
1394 1833 1429 1915 ct

252 1935 379 2006 reverti
403 1936 497 2004 solet.

341 2042 454 2112 Simile
475 2062 593 2111 nomen
617 2048 671 2110 est
692 2044 840 2111 Adverso:
863 2043 1022 2126 ‚Adveua‘
1046 2043 1162 2112 talium
1186 2062 1292 2128 genus
1317 2043 1428 2112 avium

251 2136 400 2236 appellat
422 2151 529 2218 Varro
553 2150 592 2218 R.
616 2151 653 2218 R.
677 2150 730 2218 ΙΠ
754 2171 780 2218 o.
805 2149 835 2233 5,
859 2171 890 2218 n.
915 2149 945 2234 6,
973 2153 1088 2234 quales
1110 2156 1247 2236 praeter
1269 2151 1429 2221 ciconiam

250 2264 331 2328 sunt
365 2256 474 2342 gruis,
509 2257 700 2340 cothurnix,
734 2258 892 2340 hirundo,
927 2257 1046 2342 quibus
1081 2259 1218 2344 opponit
1249 2260 1430 2328 omocoloa

138 2363 139 2374 ’
253 2361 426 2452 polocrosi)
450 2363 609 2451 (gallinas
633 2384 674 2433 ac
696 2364 890 2453 columbas).
928 2367 1064 2453 Hospita
1086 2365 1220 2434 Publilii
1243 2366 1363 2434 alludit
1386 2368 1429 2434 ad

251 2472 422 2568 salutandi
452 2492 574 2542 morem
605 2473 750 2542 ciconias
773 2492 852 2542 vere
874 2477 1010 2540 ineunte
1033 2473 1169 2542 Italiam
1198 2474 1429 2558 pervolantes:

251 2581 470 2650 Cassiodorus
493 2581 528 2649 Π
558 2577 601 2648 14
632 2584 785 2650 laetitiam
817 2584 904 2649 ooroc'
933 2585 1077 2670 temporis
1105 2584 1319 2665 introducam
1351 2585 1429 2650 Am·

250 2689 382 2779 hrosius
417 2689 605 2758 Exameron
635 2690 674 2772 V,
706 2687 757 2766 14,
781 2687 825 2757 48
860 2687 910 2776 (=
933 2688 1028 2774 Oorp.
1061 2689 1174 2775 script.
1206 2691 1322 2759 eccles.
1352 2690 1429 2760 Lat.

139 2786 140 2821 ¹
251 2799 317 2869 vol.
340 2798 476 2867 XXXII
497 2817 576 2883 pars
600 2797 618 2864 1
643 2819 674 2883 p.
697 2796 794 2886 177);
818 2799 875 2881 VI,
899 2796 974 2866 420.
1019 2799 1102 2866 Plln.
1126 2799 1165 2866 N.
1189 2799 1232 2867 H.
1254 2799 1297 2881 X,
1325 2820 1352 2867 c.
1375 2797 1428 2867 23.

252 2888 403 2974 Adorare
426 2905 527 2974 etiam
550 2906 701 2973 solebant
726 2905 886 2987 ciconias,
918 2905 974 2989 qui
996 2907 1135 2989 primum
1157 2907 1234 2973 illas
1258 2907 1429 2991 conspica-

139 3018 140 3025 ’
252 3015 391 3081 bantur:
425 3012 581 3081 Philostr.
616 3002 711 3096 epist.
735 3012 770 3080 H
800 3034 830 3097 p.
854 3011 920 3079 220
952 3014 1073 3099 Kays.;
1105 3018 1277 3081 nostrates
1311 3013 1430 3081 rustici

252 3122 377 3189 Heilhot
399 3121 596 3205 compellant
620 3116 719 3205 asaf)
744 3118 801 3206 (cI
824 3129 921 3209 proto
943 3119 1125 3206 hocloco.)
1154 3137 1158 3148 “

342 3229 592 3297 Embolima:
612 3228 663 3295 De
686 3227 885 3295 ciconiarum
908 3227 1036 3312 pictate
1060 3228 1258 3311 documenta
1280 3227 1430 3313 proferre

252 3356 319 3406 non
342 3336 476 3404 attinet.
510 3338 588 3427 Acis
611 3336 684 3403 caol
706 3336 813 3403 hiemis
836 3341 871 3402 at
894 3337 1004 3403 titulos
1026 3338 1124 3423 tepidi
1144 3338 1289 3423 temporis
1312 3356 1354 3403 ex
1377 3354 1430 3403 eo·

253 3444 327 3513 dem
350 3443 483 3542 vulgari
504 3443 562 3511 illo
586 3462 677 3511 more
700 3440 1061 3529 comprehenderemus

343 3636 372 3710 1)
390 3637 427 3694 cl.
446 3637 584 3694 Schwabe
603 3638 648 3695 ed.
669 3638 746 3709 1806,
764 3638 777 3691 Ι
795 3654 823 3708 p.
836 3638 897 3694 412.

342 3728 371 3799 2)
390 3728 446 3785 Ubi
479 3728 594 3783 nomina
629 3727 657 3783 in
693 3727 863 3798 hymnorum
899 3728 1012 3783 modum
1048 3728 1146 3783 iocose
1183 3728 1327 3782 cumulata
1362 3729 1432 3782 nota

253 3818 344 3889 digna
363 3822 436 3873 sunt.
1349 3871 1352 3876 ⁴

343 3907 372 3977 3)
390 3907 462 3963 Plin.
481 3907 515 3963 N.
534 3908 569 3962 H.
587 3906 631 3977 10,
650 3906 699 3961 61:
724 3906 795 3965 illos
814 3906 958 3977 [ciconias]
978 3906 1091 3979 Ῑιίοτηίε,
1109 3906 1165 3966 loos
1184 3906 1289 3978 [mes]
1310 3908 1432 3965 amians

252 3998 401 4070 udaeam
419 3996 462 4069 18,
481 3996 532 4052 209
551 3996 695 4055 volucres.

343 4087 371 4155 4)
389 4087 433 4142 De
452 4086 536 4141 simili
548 4085 752 4142 Germanorum
768 4103 823 4141 usu
841 4102 868 4141 v.
880 4085 1124 4141 Mannhardtium:
1143 4087 1253 4156 Haupts
1270 4083 1433 4140 Zeitschriit

252 4176 308 4232 XII
326 4193 354 4247 p.
367 4175 421 4231 400
439 4181 467 4231 et
485 4175 520 4230 A.
533 4175 692 4231 Diaterioh:
710 4175 818 4231 Archiv
836 4175 857 4231 i.
876 4174 1310 4247 Religionswissenschait,'vol.
1319 4174 1385 4231 VIII
1403 4174 1432 4229 in

208 4328 212 4334 ¹
253 4264 410 4321 corollario
428 4281 456 4335 p.
469 4265 505 4321 82
517 4280 587 4338 sqq„
610 4265 763 4335 praecipue
787 4282 815 4336 p.
828 4265 890 4321 105.
926 4266 990 4321 Acl.
1008 4266 1081 4336 VIII,
1100 4264 1150 4319 2οι
1168 4285 1195 4325 n.
1213 4262 1228 4316 ὅ
1247 4267 1350 4332 clame,
1376 4280 1432 4333 quo

254 4356 293 4411 de
311 4356 377 4411 loco
396 4370 449 4411 nos
468 4355 602 4411 admonet
619 4354 837 4425 Thcmpsonius.

344 4445 374 4516 5)
392 4444 497 4501 Tamen
523 4444 660 4499 ciconiam
683 4444 759 4501 varis
783 4444 910 4499 nuntiam
936 4457 999 4500 esse
1031 4442 1109 4497 haud
1133 4442 1172 4497 ita
1195 4457 1281 4512 saepe
1305 4447 1433 4498 veterum

253 4528 410 4607 scriptores
433 4534 624 4607 tradiderunt,
650 4533 764 4588 miluum
789 4538 818 4590 et
842 4532 1021 4589 hirundinem
1046 4531 1174 4604 abunde,
1199 4530 1236 4587 cl.
1254 4532 1325 4587 Plin.
1345 4531 1379 4589 N.
1395 4532 1433 4587 H.
