3584 5400
746 641 969 708 ..21-

745 834 964 923 Ἀχαιίνης
1044 832 1048 838 ’

347 945 385 1009 In
394 942 516 1010 fabulis
525 945 637 1010 exstat
646 943 897 1026 apudBabrium
906 943 959 1025 95,
967 943 1192 1012 87.-Varios
1204 944 1238 1011 in
1246 945 1358 1012 modos
1367 965 1439 1012 eam

266 1050 354 1118 cervi
367 1050 621 1132 appellationem
637 1050 763 1132 antiqui
776 1050 956 1118 declarant.
986 1051 1053 1117 Alii
1070 1053 1111 1118 ab
1127 1053 1207 1118 urbe
1223 1055 1316 1118 certa
1327 1071 1441 1119 vocem

265 1157 1338 1242 natamconsentaniusnomenAchaineamfingnnt,circaquam
1349 1179 1439 1244 mag·

264 1255 378 1330 norum
390 1283 559 1332 cervorum
570 1283 694 1346 genera
706 1263 809 1331 fuisse
818 1265 1041 1348 perhibentur,
1049 1266 1190 1350 Etymol.
1199 1262 1439 1348 Μ.;οἷχαονέα.·

263 1366 286 1455 ἡ
310 1367 441 1454 ἔλαφος,
465 1374 500 1436 et
523 1369 702 1456 (Apollonii
723 1371 843 1437 Rhodii
864 1373 971 1438 locum
992 1371 1082 1439 infra
1097 1374 1233 1440 allatum
1253 1369 1439 1457 proferens)

264 1473 338 1541 άπδ
355 1474 530 1560 Ἀχαϊνέας
543 1477 683 1554 πόλεως,
699 1476 736 1542 ἐν
751 1465 773 1573 ᾗ
788 1477 857 1563 εἴδη
883 1482 967 1543 εἰσὶν
982 1477 1118 1562 ἐλάφων
1132 1479 1298 1562 μεγάλων.
1327 1478 1438 1546 Simile

263 1586 366 1650 habet
380 1584 647 1652 Ps.-Aristoteles
672 1585 938 1652 damnabilibus
962 1583 1297 1671 auscultationibus‚¹)
1321 1585 1376 1668 qui
1399 1585 1439 1653 de

264 1691 373 1775 capris
397 1692 535 1760 Creticis
560 1711 663 1776 agens
688 1687 774 1777 (cap.
798 1691 833 1777 5)
864 1691 960 1759 dicit:
994 1697 1089 1756 ωασί
1115 1716 1210 1769 τινας
1239 1691 1276 1757 ἐν
1292 1689 1439 1781 ,Ἀχαοίᾳ

263 1803 330 1864 τῶν
360 1798 506 1883 ἐλάφων,
540 1795 624 1864 ὅταν
655 1795 857 1876 άποβάλωσι
887 1797 931 1864 τά
956 1809 1091 1887 κέρατα,
1123 1804 1169 1876 εἰς
1198 1798 1333 1876 τούτους
1362 1797 1439 1876 τους

263 1905 390 1983 τόπους
421 1903 600 1994 ἔρχεσθαι,
640 1902 721 1971 diosa
758 1905 803 1992 μή
843 1906 966 1994 ῥᾳδίως
997 1892 1200 1994 εὑρεθῆναι,
1236 1907 1291 1988 qui
1329 1910 1439 1974 lamen

264 2018 379 2081 auctor
394 2034 452 2097 pro
468 2014 577 2081 indole
601 2033 662 2080 sua
677 2014 774 2080 testis
790 2014 920 2080 minime
936 2013 1049 2098 gravis
1066 2014 1235 2081 habendus
1252 2016 1312 2081 est.
1351 2014 1439 2082 Sane

263 2123 344 2188 haec
376 2120 555 2188 declaratio
578 2123 732 2204 posterae
756 2117 808 2189 est
832 2121 1035 2189 Graecitatis
1065 2140 1171 2203 neque
1200 2122 1335 2188 multum
1365 2141 1437 2205 pro-

264 2227 447 2294 babilitatis
471 2226 505 2293 in
529 2247 565 2294 se
589 2227 744 2295 continet.

352 2335 483 2402 Certum
527 2354 696 2402 cervorum
734 2334 876 2418 speciem
913 2334 963 2401 ita
1001 2335 1203 2402 denominari
1240 2335 1438 2402 Aristoteles

264 2441 320 2528 (H.
344 2444 382 2508 A.
406 2441 567 2508 orrum
590 2465 634 2504 .-:
665 2440 797 2527 Iri-38)
829 2461 956 2509 sumere
983 2443 1131 2532 videtur:
1161 2438 1224 2529 ἤδη
1251 2442 1437 2527 δἐἴληπταο

263 2547 406 2635 άχαΐνης
423 2545 544 2632 ἔλαφος
567 2548 624 2613 ἐπὶ
647 2552 714 2614 τῶν
737 2549 885 2637 κεράτων
903 2547 988 2632 ἔχων
1008 2549 1121 2615 κιττόν
1138 2547 1247 2614 noluo
1263 2549 1436 2633 πεφυκότα

261 2656 402 2745 χλωρόν,
435 2653 477 2733 οἷς
505 2653 652 2722 άπαλων
684 2652 791 2722 ὄντων
820 2660 887 2723 τῶν
919 2656 1067 2745 κεράτων
1090 2655 1242 2741 ἐμφύντα
1266 2651 1377 2744 ὥσπερ
1401 2655 1438 2722 ἐν

263 2765 351 2852 ξύλῳ
368 2764 484 2853 χλωρῷ
492 2793 503 2843 ,·
527 2762 622 2830 5068,
640 2763 683 2836 23
700 2796 741 2819 =
758 2765 793 2831 Π
810 2764 869 2831 65ε
891 2768 959 2830 τῶν
975 2764 1010 2851 (d
1020 2764 1043 2850 ’)
1067 2764 1203 2848 ἐλάφων
1220 2767 1258 2828 αλ
1270 2769 1437 2846 Λχαιΐναι

261 2872 461 2955 καλούμενοι
486 2872 638 2936 δοκοῦσιν
662 2868 749 2953 ἔχειν
779 2871 816 2937 ἐν
839 2876 881 2958 τῆ
904 2881 1006 2959 κέρκῳ
1030 2871 1141 2958 χολήν.
1195 2871 1345 2937 Eandem
1369 2869 1438 2936 ani·

262 2979 357 3045 malis
373 2982 526 3045 naturam
541 2978 651 3045 verbis
669 2978 820 3061 exprimit
831 2978 1018 3062 Antigonus
1035 2977 1206 3062 Carystius
1223 2976 1314 3063 (Rer.
1330 2979 1439 3043 natur.

264 3085 374 3169 script.
390 3106 438 3171 gr.
454 3085 530 3151 min.
543 3085 592 3151 ed.
605 3084 642 3151 0.
653 3084 767 3151 Keller
782 3086 800 3151 I
814 3083 857 3151 29
874 3083 957 3171 (35).
988 3082 1146 3171 70(76)):
1176 3088 1252 3149 Τῶν
1269 3083 1436 3167 δ’ἑλάφων

262 3192 339 3269 τους
363 3190 523 3275 άχαιΐνας
539 3191 761 3275 καλουμένους
785 3191 893 3257 δοκεῖν
908 3190 945 3257 ἓν
960 3194 1001 3287 τῇ
1016 3194 1120 3280 κερκρῖ
1134 3192 1195 3278 τήν
1211 3182 1319 3278 χολήν
1331 3187 1418 3273 ἔχειν
1426 3219 1438 3270 ,·

262 3319 360 3382 quam
389 3298 624 3384 proprietatem
653 3298 687 3364 in
720 3318 851 3367 cervum
882 3318 978 3382 quem
1009 3300 1212 3383 appellamus
1235 3297 1438 3381 ‚edelhirsch‘

262 3407 426 3490 quadrare
449 3405 626 3493 apparet.)

352 3515 482 3581 Gertam
505 3514 596 3583 cervi
619 3515 763 3581 aetatem
780 3513 940 3597 appellari
955 3514 1013 3580 alii
1027 3513 1196 3598 probabile
1212 3513 1265 3581 vel
1281 3510 1438 3595 possibile

262 3641 398 3690 censere
429 3622 592 3690 videntur.
640 3620 694 3688 Sic
721 3620 919 3688 Eustathius
950 3619 1007 3706 (ex
1037 3621 1267 3705 lexicographo
1299 3618 1438 3702 quodam

262 3781 370 3836 boliobt
393 3780 456 3835 sind
476 3780 521 3835 dio
539 3780 710 3849 Vorgloiohe
736 3796 787 3833 aus
813 3779 877 3834 dom
896 3780 1048 3834 Tiorraich.
1085 3780 1146 3835 Wir
1171 3778 1267 3833 finden
1291 3782 1437 3832 vertraton
1547 3766 1551 3774 ’

263 3871 319 3926 den
337 3870 419 3924 Book
434 3870 548 3943 Ἐρλφοοο,
576 3870 631 3924 don
649 3870 772 3924 Habicht
791 3870 908 3941 Βάρβαὲ,
935 3870 991 3924 den
1008 3870 1108 3924 Rabeu
1126 3870 1227 3941 Κόραξ,
1254 3868 1299 3923 dio
1317 3866 1436 3922 Drossol

263 3960 396 4031 Κοοοοῖφο,
426 3959 538 4014 endlioh
563 3958 609 4013 die
628 3958 790 4028 Gallwespo
811 3959 880 4027 low
901 3959 1003 4029 (Hiller
1022 3958 1058 4012 do
1077 3958 1263 4027 Gdrtringem
1290 3958 1344 4011 Die
1362 3956 1437 4011 Insol

263 4048 356 4103 Thera
374 4049 411 4103 im
429 4049 570 4103 Altertum
588 4048 647 4101 und
667 4047 847 4117 Gogenwart,
867 4049 927 4103 vol.
945 4049 966 4115 Ι,
985 4065 1012 4117 p.
1033 4048 1104 4116 160).

354 4140 379 4205 ll
398 4138 440 4191 De
459 4138 514 4192 hoc
534 4152 620 4207 opere
641 4136 677 4192 cl.
697 4136 848 4192 Gercldum
866 4138 954 4193 P.-W.
974 4143 1040 4192 tom.
1058 4138 1129 4206 Hp.
1150 4136 1228 4191 1048.

352 4227 449 4281 Edidit
467 4228 589 4281 Ioannes
605 4226 769 4280 Beckmann
788 4226 864 4281 Gom
879 4227 948 4281 1787
967 4244 994 4296 p.
1009 4228 1051 4293 19,
1070 4226 1123 4282 ubi
1137 4226 1218 4279 varia
1237 4224 1272 4279 de
1293 4224 1345 4277 hac
1364 4238 1436 4277 voco

264 4317 434 4373 testimonia.

202 4392 205 4401 ’
352 4406 381 4475 a)
401 4405 437 4461 or.
456 4406 562 4460 neuere
582 4405 617 4459 ne
636 4405 804 4460 animalibus
823 4405 925 4459 riorum
937 4422 965 4474 p.
980 4406 1022 4459 υ.
1053 4405 1186 4459 narraras
1205 4422 1233 4474 p.
1253 4406 1286 4458 91
1307 4407 1435 4457 veterum

265 4495 422 4550 sententiaa
441 4495 593 4550 assentitur
611 4510 708 4550 eorum
727 4494 774 4576 qni
792 4510 894 4550 vocem
913 4494 949 4548 ab
969 4495 1086 4563 ragione
1105 4499 1243 4564 sumptam
1263 4496 1387 4547 censent.
