3584 5400
725 638 1055 726 -11-·'

245 875 318 923 cum
333 855 451 924 catulis
466 856 552 924 ludis
567 855 765 940 ineptiIsque
781 874 817 923 se
833 856 1053 922 delectantem
1068 854 1249 939 opprimere
1260 854 1419 937 solemus;

245 963 309 1029 huc
332 961 428 1030 affert
450 959 609 1048 feminal)
632 963 792 1030 bestiolas
815 962 1002 1043 semivivae,
1025 965 1063 1029 ut
1076 961 1158 1046 pulli
1180 962 1337 1045 quomodo
1361 979 1418 1028 eas

245 1069 379 1153 capiant
411 1070 543 1137 dIscsut
580 1071 614 1137 et
647 1069 813 1138 versutias
851 1069 1051 1151 fraudesque
1090 1069 1204 1137 matrIs
1240 1067 1418 1135 imitentur.

245 1178 342 1244 Hauc
370 1177 473 1262 igitur
501 1177 677 1261 praecipue
708 1177 869 1246 femineae
899 1177 1008 1261 vulpis
1032 1178 1172 1243 naturae
1200 1174 1419 1260 cognitionem

244 1283 418 1352 femininus
441 1284 587 1368 vulpium
618 1285 857 1369 appellationes
889 1283 977 1367 apud
1000 1284 1146 1351 Graecos
1170 1282 1318 1350 effecisse
1341 1281 1419 1349 milri

245 1391 514 1460 verisimillimum
551 1395 619 1474 est;
669 1393 767 1474 atque
806 1390 965 1460 Aelianus
1001 1390 1052 1475 (N.
1083 1392 1122 1457 A.
1152 1391 1226 1471 VII,
1256 1388 1315 1475 47)
1337 1379 1419 1458 'cum

244 1495 354 1583 „crisci
383 1495 408 1587 ἡ
430 1497 558 1586 μήτηρ“
588 1499 692 1586 κερδώ
724 1502 759 1565 et
781 1499 936 1586 exception
962 1503 997 1565 et
1024 1497 1207 1581 σκινδαφός
1231 1495 1419 1580 compellari

245 1606 371 1686 doceat,
401 1606 488 1672 hanc
516 1607 715 1674 seutentiam
746 1606 939 1674 confirmme
961 1605 1101 1673 videtur.
1112 1603 1137 1690 2)
1185 1605 1336 1673 Ceterum
1357 1605 1419 1671 hoc

244 1715 335 1781 recte
357 1703 408 1780 me
436 1714 666 1783 observavisse
696 1733 762 1781 non
793 1713 914 1782 desunt
945 1713 1000 1795 qui
1027 1712 1106 1790 mihi
1137 1712 1419 1797 comprobaverint

244 1822 438 1903 venatores;
472 1823 646 1904 praeterea
677 1821 829 1904 rusticos,
861 1840 933 1888 cum
967 1820 1083 1904 vulpes
1112 1819 1216 1888 variis
1246 1819 1418 1889 fraudibus

244 1927 441 2012 excogitatis
453 1927 488 1994 in
499 1928 682 2010 volatilium
694 1928 834 1998 stabulis
848 1927 1031 1996 saevierint
1042 1929 1180 1994 cruenta
1192 1929 1307 2010 strage
1318 1925 1419 2008 facta,

248 2033 442 2119 „femineam
453 2035 583 2118 vulpem
595 2034 754 2102 infrusse‘⁴
771 2035 879 2103 dicere
891 2035 1016 2102 amicus
1029 2035 1159 2118 quidam
1170 2034 1250 2122 mihi
1261 2033 1420 2101 narravit

335 2142 428 2226 Quod
459 2143 503 2209 ad
525 2141 773 2226 grammaticam
801 2142 899 2210 huius
921 2142 1013 2211 vocis
1044 2142 1173 2223 attinet,
1205 2141 1323 2208 Suidas
1353 2141 1420 2208 iam

244 2250 336 2315 recte
360 2249 518 2316 adnotat:
542 2247 656 2336 Kepdoi
680 2245 936 2336 ὑποκοριστικῶς
959 2247 1189 2335 (deminutive)
1212 2245 1235 2334 ἤ
1259 2245 1416 2334 ἀλώπηξ.

246 2352 289 2431 ὦς
312 2355 464 2421 Εἰδοθέα
488 2355 589 2431 Εἰδώ,
613 2353 781 2442 Ὑψιπύλη
806 2353 940 2442 Ὑψώ.3)

335 2463 450 2550 Κερόώ
481 2482 598 2530 nomeu
627 2463 801 2547 proprium,
831 2465 868 2529 ut
897 2463 1046 2529 Reineke
1076 2463 1282 2544 nostratium,
1318 2462 1419 2529 etiam

245 2569 429 2637 hominibus
460 2569 646 2653 impositum
683 2589 758 2636 raro
797 2569 1004 2651 oifendimus,
1042 2588 1071 2636 e.
1102 2591 1151 2655 gr.
1184 2569 1299 2657 Κερδώ
1336 2589 1420 2636 uxor

245 2677 408 2745 Phoronei
429 2676 595 2747 vocitatur
618 2677 705 2762 apud
727 2677 925 2745 Pausaniam
949 2677 983 2744 ΙΙ
1005 2675 1058 2759 21,
1082 2672 1119 2761 1“;
1141 2674 1295 2764 ididan}
1318 2676 1420 2745 Suida

244 2788 333 2853 teste
365 2780 471 2869 ὄνομα
503 2785 617 2873 κύριον,
647 2782 752 2871 est;4)
784 2785 824 2851 de
854 2784 998 2872 Κέρδων,
1030 2785 1153 2872 nepem
1182 2785 1298 2854 videas
1320 2785 1418 2852 Fick-

335 2997 363 3066 1)
381 2996 449 3052 cum
468 2998 570 3053 catulis
593 2998 745 3068 providere
771 2997 847 3068 apud
873 2998 976 3067 vulpes
1001 2999 1088 3052 multo
1116 2998 1207 3067 magis
1232 3014 1315 3067 quam
1342 2997 1418 3067 apud

246 3085 303 3139 alia
322 3086 453 3139 animalia
471 3086 637 3141 feminarum
657 3087 693 3141 sit
712 3087 848 3156 (maribus
860 3086 1032 3156 incuriosis),
1052 3087 1236 3141 calliditatem
1249 3104 1344 3142 aarum
1363 3087 1418 3142 iam
1505 3143 1507 3147 Α

246 3173 311 3229 iude
331 3174 430 3242 augeri
448 3174 534 3230 iacile
553 3160 737 3244 Intellegitur.
756 3206 790 3215 -
810 3175 923 3231 Certum
942 3175 977 3230 de
992 3176 1093 3231 catulis
1113 3181 1199 3247 caput
1210 3176 1297 3231 habet
1308 3176 1418 3234 Aeliam.

246 3264 280 3319 N.
294 3262 328 3317 A.
341 3263 402 3331 VH,
421 3265 465 3331 47,
479 3264 583 3333 dequo
597 3264 732 3319 nonnulla
746 3264 774 3319 in
788 3265 988 3321 dissertatione
1003 3266 1138 3334 FreseniI‚
1158 3267 1193 3320 de
1212 3271 1294 3327 λέξεων
1310 3266 1419 3321 Aristo-

150 3392 153 3401 .
248 3353 421 3423 phanearum
440 3359 469 3408 et
494 3353 728 3409 Suetonianarum
747 3354 888 3425 excerptis
907 3356 1080 3426 Byzantinis.
1117 3356 1247 3412 Ceterum
1272 3361 1301 3411 et
1325 3355 1418 3426 poetis

249 3458 296 3497 res
314 3443 432 3498 metrica
451 3449 479 3498 et
498 3443 561 3498 aliis
580 3443 747 3499 brevissIma
764 3460 817 3515 per
838 3460 868 3499 se
893 3444 985 3499 iorma
1003 3460 1105 3499 causae
1123 3444 1246 3514 fuerunt,
1269 3462 1319 3501 our
1346 3445 1420 3499 hanc

246 3547 347 3587 vocem
367 3532 527 3603 diligerent.
1039 3575 1042 3582 ,

335 3621 364 3692 2)
382 3622 414 3676 ln
432 3624 505 3695 κιρδώ
531 3639 604 3679 voce
629 3623 771 3691 (feminine
791 3625 905 3694 vulpem
925 3624 1089 3692 denotante)
1108 3622 1281 3679 Graecorum
1305 3624 1418 3680 fabulas

245 3711 337 3781 magis
355 3728 439 3781 quam
458 3711 661 3768 Germanorum
679 3718 808 3768 naturam
827 3719 939 3768 secutas
958 3729 1022 3768 esse
1039 3714 1217 3783 perspicitur.

335 3802 362 3870 3)
382 3800 417 3856 ci.
436 3801 544 3870 Maesa,
572 3801 732 3873 lIythIsche
750 3803 945 3870 Karanamen,
973 3803 1093 3857 Hemrae
1117 3803 1176 3857 vol.
1194 3803 1286 3857 XXIII
1304 3821 1331 3873 p.
1351 3804 1419 3873 6133

245 3890 360 3946 Fiokius
383 3891 412 3945 iu
430 3891 518 3947 curtii
537 3891 672 3959 ,Studien'
690 3892 730 3945 IX
749 3892 864 3961 sttrpem
887 3898 916 3947 et
935 3893 1122 3962 compositum
1141 3893 1268 3947 additum
1286 3894 1315 3947 in
1333 3910 1418 3947 unum

247 3984 347 4034 coacta
366 3996 429 4036 ease
448 3996 576 4035 censens.

335 4068 364 4141 4)
383 4070 426 4124 De
454 4070 614 4124 animalium
642 4070 801 4124 nominibus
832 4060 1001 4139 vulgaribus
1028 4070 1084 4125 ioci
1111 4087 1197 4126 causa
1227 4071 1264 4126 ad
1291 4071 1418 4127 homines

246 4158 391 4213 translatu
419 4159 478 4227 egit
497 4158 688 4229 Grasberger,
715 4159 769 4213 Die
787 4158 894 4229 griech.
923 4158 1117 4228 Stichuamen,
1145 4161 1326 4231 wurzburg²
1349 4162 1418 4217 1883

246 4264 273 4317 p.
292 4248 336 4314 31,
354 4249 397 4315 34,
416 4248 466 4318 573
494 4247 531 4302 ct.
549 4248 596 4303 Fr.
615 4247 648 4303 G.
669 4248 770 4303 Sturzii
794 4250 934 4318 opuscula
957 4266 985 4319 p.
1005 4251 1057 4305 108
1069 4266 1111 4320 sq.
1135 4255 1163 4305 et
1182 4250 1235 4305 120
1247 4266 1289 4319 aq.
1325 4250 1418 4321 Atque

246 4337 360 4391 nomina
387 4336 587 4408 Aristophanis
617 4353 688 4407 quae
717 4339 782 4393 loco
810 4354 915 4392 vocum
942 4339 1207 4394 contumeliosamm
1238 4344 1304 4394 sunt
1333 4339 1418 4395 aiiert

246 4425 404 4494 Bauckius,
429 4426 466 4481 de
491 4426 651 4496 proverbiis
676 4427 794 4497 aliisque
820 4427 1011 4483 locutionibus
1035 4444 1070 4484 ex
1094 4445 1147 4483 usu
1168 4429 1245 4484 vitae
1264 4430 1418 4484 communis

246 4514 341 4585 petitis
360 4515 438 4585 apud
455 4515 673 4585 Aristophanem
692 4516 837 4585 comicum,
855 4516 1017 4587 Regimonti
1034 4517 1081 4573 Pr.
1098 4535 1127 4588 p.
1140 4519 1166 4573 7.
