3584 5400
850 636 1071 705 ..10-

372 833 614 903 Artemidorum
628 833 688 914 ΠΙ,
711 832 755 900 28
779 833 943 919 (Herober
965 853 996 918 p.
1021 831 1085 903 179
1102 832 1182 919 sq.):
1207 832 1302 918 Γαλῆ
1324 844 1468 912 γυναῖκα
1491 848 1545 915 ση-

372 951 485 1026 μαίνει
510 944 701 1029 πανοῦργον
724 948 781 1005 καὶ
797 940 1007 1028 κακότροπον
1022 947 1080 1005 καὶ
1104 940 1217 1025 δίκην·
1234 990 1243 1007 .
1259 990 1290 1006 ..
1310 946 1367 1002 καὶ
1390 936 1549 1024 ἐργασίας

373 1057 430 1114 καὶ
455 1046 632 1132 ὠφελείας·
656 1047 809 1113 καλεῖται
831 1046 897 1135 γοέρ
920 1029 1006 1136 τορός
1027 1072 1129 1113 τινων
1151 1043 1295 1134 κερδώ.1)

462 1175 543 1241 Tres
566 1173 640 1240 illos
665 1176 817 1241 auctores
841 1210 881 1220 -
905 1173 1035 1240 omissis
1057 1175 1207 1242 veterum
1220 1168 1550 1254 interpretationibus

376 1317 413 1328 -
440 1299 512 1347 cum
535 1279 705 1363 Aesopicis
736 1279 858 1348 fabulis
888 1280 999 1347 nescio
1031 1299 1094 1362 quo
1125 1279 1218 1347 modo
1245 1280 1421 1346 cohaerere
1443 1275 1549 1359 primo

373 1389 510 1471 aspectu
532 1371 740 1454 manifestum
765 1390 825 1468 est,
849 1388 935 1470 quod
958 1407 1037 1454 casu
1052 1386 1213 1453 accidisse
1229 1406 1250 1453 a
1264 1381 1550 1453 verisimilitudine

246 1516 247 1520 ¹
372 1494 471 1562 valde
494 1495 657 1561 abhorret.
695 1496 745 1561 Ac
767 1495 796 1561 si
818 1495 997 1578 permultos
1014 1494 1130 1576 quibus
1153 1493 1257 1580 κερδώ
1273 1490 1415 1559 occurrit
1429 1507 1549 1559 versus

373 1601 557 1668 Babrianos
579 1600 773 1685 inspexeris,
803 1603 890 1669 hanc
920 1620 1033 1670 vocem
1062 1600 1248 1667 fabularum
1279 1597 1441 1682 propriam
1472 1615 1549 1663 esse

373 1711 407 1775 et
430 1728 472 1775 ex
494 1707 638 1775 fabulari
660 1711 698 1774 ut
720 1708 770 1775 ita
794 1708 900 1775 dicam
929 1707 1065 1794 regione
1093 1706 1252 1790 originem
1282 1704 1461 1788 sumpsisse
1486 1723 1549 1786 pro

282 1816 285 1824 '
373 1815 543 1899 explorato
575 1834 682 1898 paene
712 1815 911 1882 censendum
939 1815 1002 1881 est.
1054 1813 1232 1882 Pindarum
1262 1815 1323 1880 boc
1352 1811 1551 1881 vocabulum

373 1922 549 1991 novavisse
572 1921 663 1989 iusta
685 1923 780 1989 deest
802 1940 905 1990 canusa
928 1940 985 1987 cur
1010 1921 1150 1988 omnium
1180 1922 1337 2005 probetur
1367 1937 1550 2000 consensu3

371 2029 443 2113 ipse
466 2049 593 2115 quoque
615 2031 714 2112 poeta
736 2029 801 2098 iam
832 2047 873 2095 ex
903 2027 1090 2096 fabularum
1118 2028 1239 2095 notitia
1260 2046 1374 2097 vocem
1395 2024 1551 2093 hausisse

374 2136 514 2212 videtur.

462 2262 527 2329 Sed
552 2261 619 2328 alia
642 2260 790 2345 quaestio
806 2260 908 2328 latius
924 2263 1036 2344 patet;
1058 2281 1135 2328 uam
1158 2262 1244 2345 quod
1259 2261 1375 2344 vulpes
1391 2257 1550 2326 feminino

373 2369 564 2454 cognomine
586 2370 686 2454 vulgo
709 2370 856 2450 vocatur,
879 2388 945 2436 non
967 2368 1044 2436 inde
1066 2370 1129 2436 hoc
1148 2369 1232 2436 satis
1248 2366 1412 2435 declarari
1427 2368 1551 2449 potest,

373 2475 450 2559 quia
473 2472 617 2562 ἀλώπηξ
641 2476 742 2543 etiam
764 2495 893 2560 semper
920 2475 1076 2543 feminine
1098 2480 1294 2559 usurpatur3
1325 2472 1553 2556 quaerendum

372 2603 486 2667 porro,
525 2602 583 2650 cur
622 2579 764 2668 ἀλώπηξ
800 2583 907 2668 ipsum
946 2582 1135 2650 femininum
1180 2583 1234 2650 sit.
1302 2583 1353 2648 Ac
1397 2572 1550 2664 profecto

373 2690 528 2772 Graecos,
551 2693 589 2758 ut
611 2687 795 2777 (abanet)
818 2690 933 2778 κερδοῖ,
958 2690 1124 2778 σκαφώρη,
1149 2689 1215 2758 alia
1229 2689 1385 2758 feminine
1401 2689 1550 2773 appella-

372 2800 456 2880 rent,
478 2817 544 2865 nou
559 2796 783 2883 grammaticis
798 2784 982 2871 rationibus
1001 2798 1112 2865 nescio
1128 2797 1254 2880 quibus,
1273 2798 1333 2865 sed
1347 2800 1385 2865 ut
1400 2796 1543 2879 vulpium

371 2907 511 2972 naturae
527 2907 561 2972 et
576 2903 739 2972 femineae
755 2904 932 2988 praecipue
947 2903 1056 2988 vulpis
1073 2905 1298 2987 speculatores
1314 2925 1353 2971 ac
1368 2907 1548 2974 venatores

372 3014 548 3078 commotos
573 3031 647 3079 esse
671 3011 751 3078 mihi
774 3011 902 3094 quidem
925 3032 983 3096 pro
1007 3012 1178 3094 explorato
1210 3015 1270 3078 est.
1316 3011 1441 3096 Quodsi
1462 3012 1551 3077 haec

372 3118 481 3185 bestia
502 3117 537 3184 in
559 3118 653 3188 silvis
680 3118 827 3186 homines
850 3156 893 3165 —
917 3118 1065 3201 quamvis
1097 3117 1372 3185 callidissime-
1396 3118 1552 3187 devitare

373 3225 475 3308 cupit,
512 3224 575 3292 hoc
611 3226 716 3293 solum
754 3245 812 3293 cur
848 3227 932 3293 haec
972 3226 1148 3310 praecipue
1190 3226 1300 3292 bestia
1334 3226 1552 3293 callidissima

275 3362 277 3365 ·
371 3332 536 3401 vocitetur
564 3332 654 3399 iusta
684 3351 786 3401 causa
815 3334 957 3399 nondum
988 3333 1097 3400 fuerit.
1146 3333 1230 3400 Nam
1258 3352 1373 3400 rursus
1404 3334 1552 3401 ocomrit

372 3438 466 3506 nobis
490 3440 647 3522 quaestio,
671 3459 729 3507 cur
751 3438 911 3508 femineas
933 3439 1089 3524 imprimis
1105 3441 1221 3523 vulpes
1237 3440 1381 3507 astutiae
1397 3441 1551 3524 exempla

372 3565 446 3614 esse
462 3547 598 3613 tradant
612 3547 752 3614 uomina.
790 3549 843 3614 An
859 3548 957 3630 putas
973 3548 1149 3615 venatores
1165 3547 1295 3630 vulpem
1309 3551 1550 3631 persequentes

372 3672 505 3734 curare,
543 3641 652 3720 utrum
689 3652 864 3721 femineum
903 3673 945 3721 an
964 3654 1197 3746 'masculinum
1233 3654 1441 3721 interfecturi
1478 3655 1551 3721 sint

373 3759 519 3827 animal?
564 3760 643 3828 (lum
669 3762 785 3845 vulpes
814 3760 976 3828 hominem
999 3761 1238 3842 advenientem,
1268 3763 1324 3829 ubi
1355 3781 1473 3847 magno
1503 3781 1550 3830 ox

370 3867 546 3935 intervallo
563 3866 805 3949 animadvertit,
828 3866 945 3951 fugiat,
969 3887 1053 3935 unus
1068 3868 1264 3950 relinquitur
1284 3870 1386 3950 locus,
1409 3889 1471 3952 quo
1486 3888 1548 3935 na-

371 3975 480 4041 turam
502 3993 673 4056 moresque
695 3977 733 4041 ut
756 3975 893 4042 aliorum
918 3973 1106 4043 animalium
1132 3976 1181 4043 ita
1202 3976 1348 4060 vulpium
1370 3976 1548 4061 praecipue

372 4079 492 4165 optime
515 4100 712 4165 cognoscas:
738 4081 868 4149 foveam
892 4081 1141 4165 dico'vulpium.
1180 4083 1244 4150 Ubi
1267 4103 1389 4150 marem
1411 4082 1548 4152 videndi

371 4187 542 4255 admodum
564 4208 639 4255 raro
664 4189 761 4256 datur
783 4188 929 4271 occasi03
960 4188 1151 4273 saepissime
1181 4194 1291 4257 autem
1314 4190 1469 4257 feminam
1490 4190 1548 4259 hic

462 4399 489 4469 1)
508 4398 550 4459 cf,
564 4398 699 4454 Heroheri
724 4399 876 4457 editionem
894 4400 931 4456 de
957 4401 1040 4455 varia
1065 4402 1186 4457 lectione
1211 4403 1301 4475 ,reponi
1324 4406 1368 4455 καὶ
1385 4404 1486 4475 ltapla¹⁴
1514 4402 1546 4458 in

373 4488 472 4544 codice
496 4489 619 4558 quodam
637 4489 751 4545 tradita.
