3584 5400
746 1236 913 1332 viis.

338 1492 428 1547 Natus
452 1507 513 1547 sam
534 1490 654 1546 Carolus
672 1490 811 1559 Ulbricht,
836 1491 987 1558 Bomssus,
1012 1489 1085 1561 prid.
1107 1489 1148 1547 Id.
1171 1489 1237 1547 Mai.
1260 1490 1327 1546 anni
1351 1491 1421 1548 1884

251 1581 389 1636 Sorawiae
406 1581 435 1635 in
454 1579 560 1651 oppido
573 1580 705 1635 Lueatiae
717 1579 871 1648 Inferioris,
889 1585 971 1652 patre
989 1579 1079 1634 Paulo
1097 1584 1187 1635 matre
1199 1579 1283 1636 Anna
1301 1596 1317 1636 e
1335 1585 1421 1650 gente

250 1669 446 1738 Holimeister,
467 1661 544 1740 v(paros
562 1670 645 1725 ambo
664 1669 730 1724 mihi
749 1669 844 1724 adhuc
863 1669 1029 1740 superstites
1047 1685 1111 1725 esse
1129 1684 1302 1740 magnopere
1321 1670 1422 1726 laetor.

249 1759 329 1815 Fidei
354 1758 485 1814 addictus
507 1774 569 1813 sum
591 1759 786 1829 evangelicae.
827 1758 928 1813 Primis
951 1758 1107 1814 litterarum
1129 1759 1274 1814 elementis
1298 1758 1421 1814 imbutus

249 1848 315 1904 inde
338 1865 355 1903 a
377 1862 446 1904 vere
464 1848 530 1903 anni
549 1849 618 1904 1893
644 1847 826 1920 Gymnasium
852 1847 1022 1904 Sorariense
1046 1847 1236 1917 frequentavi,
1261 1848 1339 1917 qnod
1363 1852 1422 1902 tnm

250 1937 401 1993 Rdmundo
429 1936 569 2008 Hedicke,
600 1942 701 2009 postea
730 1937 875 1994 Friderico
907 1937 1007 1994 Schlee
1034 1936 1105 1992 viris
1136 1936 1307 1993 doctissimis
1336 1943 1421 2007 atque

249 2027 456 2084 humanissimis
481 2026 639 2082 rectoribus
662 2025 792 2082 florebat.
832 2026 968 2082 Rxamine
995 2043 1048 2097 pro
1075 2026 1237 2084 maturitate
1261 2026 1422 2083 academica

250 2122 383 2187 superato
407 2130 476 2172 vere
501 2115 567 2170 anni
594 2115 663 2172 1902
688 2117 790 2172 almam
815 2119 933 2171 matrem
956 2115 1025 2185 petii
1049 2115 1240 2184 Bonnensem‚
1265 2120 1296 2170 ut
1321 2115 1422 2185 studiis

251 2205 406 2276 philologis
433 2221 548 2276 operam
576 2220 718 2260 navarem.
767 2205 864 2273 Atque.
886 2219 938 2274 per
965 2219 1016 2259 sex
1039 2219 1150 2260 menses
1177 2205 1206 2260 in
1232 2204 1422 2279 pulcherrima

135 2301 136 2348 l
251 2295 351 2350 artium
378 2295 551 2366 elegantium
575 2300 604 2350 et
628 2294 814 2364 ingenuarum
842 2292 911 2350 sede
935 2293 1074 2349 Rhenana
1099 2299 1231 2350 versatus
1257 2294 1421 2365 Gottingam

251 2383 460 2454 transmigravi.
484 2383 660 2454 Insequentis
673 2383 739 2439 anni
751 2389 884 2448 autumno
898 2383 1008 2439 civibus
1020 2382 1220 2439 Universitatis
1231 2383 1422 2439 Berolinensis

251 2473 411 2550 adscriptus
436 2490 506 2530 sum.
546 2473 629 2529 Unde
656 2477 723 2543 post
746 2472 790 2529 bis
817 2488 867 2528 sex
894 2487 1005 2529 menses
1030 2472 1214 2542 llarpurgum
1237 2488 1282 2528 me
1306 2472 1422 2541 contuli,

252 2569 283 2618 ut
300 2550 384 2630 mem
403 2562 504 2619 sbrdiis
522 2562 702 2632 imponerem.
746 2562 912 2617 Docuerunt
933 2577 977 2617 me
995 2562 1051 2616 viri
1069 2561 1224 2618 doctissimi
1241 2562 1423 2618 Bonnenses:

250 2653 395 2709 ermann
420 2651 541 2709 Gethein
566 2651 673 2723 Jaeger
697 2651 799 2709 Nissen
824 2650 1035 2708 Radermacher
1056 2651 1179 2723 Usener3
1206 2650 1423 2723 Gottingenses:

252 2744 399 2799 Baumann
420 2743 522 2799 anolt
539 2741 656 2813 Dilthey
674 2742 793 2798 Haeserl
810 2742 869 2797 Leo
887 2741 1016 2797 Rabbow
1034 2741 1180 2798 Schwartz
1197 2741 1423 2814 Wackernage13

251 2832 465 2892 Berolinenses:
489 2831 570 2887 Diels
593 2832 694 2888 Hintae
717 2828 867 2887 Rduardns
879 2831 978 2902 Meyer
999 2831 1121 2887 Paulson
1141 2829 1297 2891 Pfleiderer
1313 2830 1423 2887 Roethe

253 2920 380 2977 Schmidt
401 2920 513 2977 Vahlen
536 2920 666 2977 Wentael
689 2920 876 2978 Wilamowita
899 2920 1077 2991 Winneield3
1102 2920 1338 2990 Marpurgonses:
1361 2919 1424 2975 Birt

252 3010 348 3066 Ochen
361 3010 456 3065 Rlster
470 3009 644 3066 Kalbtieisch
660 3010 756 3066 Mases
771 3009 881 3080 Natorp
893 3009 992 3064 Thiele
1001 3009 1080 3079 Vogt
1089 3009 1262 3066 Wechssler.
1280 3010 1423 3065 Exercita-

252 3099 377 3155 tionibns
409 3096 524 3156 interlui
557 3098 713 3170 philologis
747 3098 959 3155 Radermacher
984 3099 1043 3154 Leo
1074 3096 1219 3153 Schwartz
1249 3098 1423 3154 Kalbfleiseh

252 3188 349 3245 Thiele
379 3187 599 3257 moderantibus,
626 3187 804 3259 philosophis
831 3188 978 3242 Baumann
1004 3186 1102 3246 Cohen
1128 3187 1251 3257 Natam,
1281 3187 1423 3244 historicis

252 3279 354 3335 Busolt
370 3275 543 3348 regentibus.
574 3275 681 3341 Quibus
696 3276 929 3347 praeceptoribus
945 3276 1053 3347 gratias
1069 3275 1159 3332 habeo
1175 3291 1259 3347 qnam
1274 3277 1424 3348 maximam

252 3366 386 3437 imprimis
404 3382 475 3422 vero
494 3365 648 3437 Georgium
660 3365 758 3422 Thiele
777 3371 860 3436 grata
878 3381 990 3436 semper
1007 3381 1165 3435 prosequar
1181 3367 1326 3435 memoria,
1345 3366 1423 3421 cuius

253 3456 290 3512 ab
309 3456 557 3511 exercitationibus
577 3454 612 3510 de
627 3454 750 3510 Phaedri
768 3454 873 3521 fabulis
892 3454 997 3510 habitis
1014 3454 1085 3511 haee
1104 3454 1266 3511 dissertatio
1285 3455 1424 3525 originem

253 3544 385 3617 sumpsit3
403 3543 478 3599 idem
497 3544 673 3613 antiquarum
685 3543 845 3599 fabularum
863 3544 1049 3613 peritissimas
1066 3543 1221 3615 indagator
1237 3544 1264 3599 in
1285 3546 1423 3615 opusculo

253 3634 308 3689 hoc
322 3632 498 3689 conficiendo
514 3633 619 3703 insigni
634 3632 808 3688 humanitate
824 3649 868 3690 me
881 3632 1005 3704 adiuvit;
1024 3648 1115 3702 neque
1130 3647 1261 3703 nmquam
1272 3634 1424 3690 Maassinm

254 3727 337 3793 grato
357 3722 450 3778 animo
469 3722 564 3779 colere
581 3721 715 3790 desinam,
734 3721 781 3791 qai
799 3712 828 3778 et
845 3721 908 3791 ipse
922 3720 988 3776 haio
1004 3721 1143 3791 opusculo
1159 3722 1297 3778 nonnulla
1311 3722 1424 3778 liberali

253 3810 347 3867 stadio
366 3810 478 3868 adiecit
