<?xml version="1.0" encoding="UTF-8"?>
<!DOCTYPE html PUBLIC "-//W3C//DTD XHTML 1.0 Transitional//EN"
    "http://www.w3.org/TR/xhtml1/DTD/xhtml1-transitional.dtd">
<html xmlns="http://www.w3.org/1999/xhtml" xml:lang="en" lang="en">
 <head>
  <title>
</title>
<meta http-equiv="Content-Type" content="text/html;charset=utf-8" />
  <meta name='ocr-system' content='tesseract 3.04.00' />
  <meta name='ocr-capabilities' content='ocr_page ocr_carea ocr_par ocr_line ocrx_word'/>
</head>
<body>
  <div class='ocr_page' id='page_1' title='image "./deanimaliumnomi00ulbrgoog_0032.png"; bbox 0 0 3584 5400; ppageno 0'>
   <div class='ocr_carea' id='block_1_1' title="bbox 829 587 1048 655">
    <p class='ocr_par' dir='ltr' id='par_1_1' title="bbox 829 587 1048 655">
     <span class='ocr_line' id='line_1_1' title="bbox 829 587 1048 655; baseline 0.014 -18"><span class='ocrx_word' id='word_1_1' title='bbox 829 587 1048 655; x_wconf 74' lang='lat'>..22-</span> 
     </span>
    </p>
   </div>
   <div class='ocr_carea' id='block_1_2' title="bbox 348 781 1643 871">
    <p class='ocr_par' dir='ltr' id='par_1_2' title="bbox 348 781 1643 871">
     <span class='ocr_line' id='line_1_2' title="bbox 348 781 1643 871; baseline -0.005 -19"><span class='ocrx_word' id='word_1_2' title='bbox 348 783 489 871; x_wconf 88' lang='lat' dir='ltr'>p.711):</span> <span class='ocrx_word' id='word_1_3' title='bbox 512 783 648 868; x_wconf 88' lang='grc' dir='ltr'><strong><em>ἐλάφων</em></strong></span> <span class='ocrx_word' id='word_1_4' title='bbox 670 781 714 848; x_wconf 82' lang='grc' dir='ltr'><strong><em>τά</em></strong></span> <span class='ocrx_word' id='word_1_5' title='bbox 737 787 800 867; x_wconf 80' lang='grc' dir='ltr'>μὲν</span> <span class='ocrx_word' id='word_1_6' title='bbox 828 793 901 860; x_wconf 84' lang='grc' dir='ltr'><strong><em>νέα,</em></strong></span> <span class='ocrx_word' id='word_1_7' title='bbox 921 787 1043 871; x_wconf 80' lang='grc' dir='ltr'><strong><em>νεβροί,</em></strong></span> <span class='ocrx_word' id='word_1_8' title='bbox 1068 787 1105 848; x_wconf 77' lang='grc' dir='ltr'>αλ</span> <span class='ocrx_word' id='word_1_9' title='bbox 1129 784 1167 849; x_wconf 79' lang='grc' dir='ltr'>δὲ</span> <span class='ocrx_word' id='word_1_10' title='bbox 1190 783 1312 871; x_wconf 78' lang='grc' dir='ltr'><strong><em>α’ρτίως</em></strong></span> <span class='ocrx_word' id='word_1_11' title='bbox 1334 782 1371 849; x_wconf 91' lang='grc' dir='ltr'>ἐκ</span> <span class='ocrx_word' id='word_1_12' title='bbox 1393 784 1524 869; x_wconf 77' lang='grc' dir='ltr'><strong><em>νεβρῶν</em></strong></span> <span class='ocrx_word' id='word_1_13' title='bbox 1642 784 1643 855; x_wconf 69' lang='grc' dir='ltr'>Ῐ</span> 
     </span>
    </p>
   </div>
   <div class='ocr_carea' id='block_1_3' title="bbox 346 885 1524 976">
    <p class='ocr_par' dir='ltr' id='par_1_3' title="bbox 346 885 1524 976">
     <span class='ocr_line' id='line_1_3' title="bbox 346 885 1524 976; baseline -0.006 -17"><span class='ocrx_word' id='word_1_14' title='bbox 346 892 402 959; x_wconf 83' lang='grc' dir='ltr'>ἐπ’</span> <span class='ocrx_word' id='word_1_15' title='bbox 424 891 567 976; x_wconf 88' lang='grc' dir='ltr'><strong><em>ἐλάφους</em></strong></span> <span class='ocrx_word' id='word_1_16' title='bbox 589 890 861 974; x_wconf 78' lang='grc' dir='ltr'><strong><em>μεταβάλλουσαι</em></strong></span> <span class='ocrx_word' id='word_1_17' title='bbox 885 891 1044 974; x_wconf 73' lang='grc' dir='ltr'><strong><em>κεμάδος·</em></strong></span> <span class='ocrx_word' id='word_1_18' title='bbox 1075 890 1119 956; x_wconf 82' lang='grc' dir='ltr'><strong><em>τά</em></strong></span> <span class='ocrx_word' id='word_1_19' title='bbox 1145 890 1183 955; x_wconf 78' lang='grc' dir='ltr'>δὲ</span> <span class='ocrx_word' id='word_1_20' title='bbox 1204 891 1317 956; x_wconf 84' lang='grc' dir='ltr'><strong><em>τέλεια</em></strong></span> <span class='ocrx_word' id='word_1_21' title='bbox 1350 887 1409 955; x_wconf 72' lang='grc' dir='ltr'><strong><em>ου’κ</em></strong></span> <span class='ocrx_word' id='word_1_22' title='bbox 1436 885 1524 954; x_wconf 87' lang='grc' dir='ltr'><strong><em>άλλο</em></strong></span> 
     </span>
    </p>
   </div>
   <div class='ocr_carea' id='block_1_4' title="bbox 348 992 1643 1297">
    <p class='ocr_par' dir='ltr' id='par_1_4' title="bbox 348 992 1643 1297">
     <span class='ocr_line' id='line_1_4' title="bbox 348 992 1524 1086; baseline -0.005 -23"><span class='ocrx_word' id='word_1_23' title='bbox 348 1023 379 1063; x_wconf 87' lang='grc' dir='ltr'><strong><em>τι</em></strong></span> <span class='ocrx_word' id='word_1_24' title='bbox 403 995 425 1086; x_wconf 73' lang='grc' dir='ltr'><em>ἢ</em></span> <span class='ocrx_word' id='word_1_25' title='bbox 449 997 576 1082; x_wconf 71' lang='grc' dir='ltr'><strong><em>ἔλαφοι,</em></strong></span> <span class='ocrx_word' id='word_1_26' title='bbox 600 1002 633 1062; x_wconf 80' lang='grc' dir='ltr'>εἰ</span> <span class='ocrx_word' id='word_1_27' title='bbox 652 997 697 1084; x_wconf 76' lang='grc' dir='ltr'>μή</span> <span class='ocrx_word' id='word_1_28' title='bbox 724 994 792 1085; x_wconf 85' lang='grc' dir='ltr'>άρα</span> <span class='ocrx_word' id='word_1_29' title='bbox 817 995 943 1086; x_wconf 82' lang='grc' dir='ltr'><strong><em>[φησίν]</em></strong></span> <span class='ocrx_word' id='word_1_30' title='bbox 968 1001 998 1062; x_wconf 85' lang='grc' dir='ltr'>ολ</span> <span class='ocrx_word' id='word_1_31' title='bbox 1022 995 1165 1081; x_wconf 82' lang='grc' dir='ltr'><strong><em>άχαΐναι</em></strong></span> <span class='ocrx_word' id='word_1_32' title='bbox 1189 1007 1247 1063; x_wconf 77' lang='grc' dir='ltr'>καὶ</span> <span class='ocrx_word' id='word_1_33' title='bbox 1264 1001 1294 1061; x_wconf 82' lang='grc' dir='ltr'>ολ</span> <span class='ocrx_word' id='word_1_34' title='bbox 1313 992 1524 1079; x_wconf 73' lang='grc' dir='ltr'><strong><em>σπαθίναιῙ)</em></strong></span> 
     </span>
     <span class='ocr_line' id='line_1_5' title="bbox 348 1101 1643 1193; baseline -0.008 -22"><span class='ocrx_word' id='word_1_35' title='bbox 348 1106 519 1190; x_wconf 78' lang='grc' dir='ltr'><strong><em>λεγόμενοι</em></strong></span> <span class='ocrx_word' id='word_1_36' title='bbox 543 1102 655 1193; x_wconf 74' lang='grc' dir='ltr'><strong><em>ἡλικίᾳ</em></strong></span> <span class='ocrx_word' id='word_1_37' title='bbox 679 1113 745 1170; x_wconf 85' lang='grc' dir='ltr'><strong><em>τινῐ</em></strong></span> <span class='ocrx_word' id='word_1_38' title='bbox 770 1105 984 1193; x_wconf 78' lang='grc' dir='ltr'><strong><em>διαφέρουσιν</em></strong></span> <span class='ocrx_word' id='word_1_39' title='bbox 1007 1101 1125 1192; x_wconf 55' lang='lat' dir='ltr'>deidei</span> <span class='ocrx_word' id='word_1_40' title='bbox 1141 1113 1199 1170; x_wconf 76' lang='grc' dir='ltr'>καὶ</span> <span class='ocrx_word' id='word_1_41' title='bbox 1215 1105 1363 1192; x_wconf 79' lang='grc' dir='ltr'><strong><em>κεράτων</em></strong></span> <span class='ocrx_word' id='word_1_42' title='bbox 1380 1103 1524 1189; x_wconf 78' lang='grc' dir='ltr'><strong><em>ἰδιότητι</em></strong></span> <span class='ocrx_word' id='word_1_43' title='bbox 1642 1126 1643 1161; x_wconf 62' lang='lat' dir='ltr'>t</span> 
     </span>
     <span class='ocr_line' id='line_1_6' title="bbox 348 1212 1643 1297; baseline -0.001 -19"><span class='ocrx_word' id='word_1_44' title='bbox 348 1221 405 1278; x_wconf 77' lang='grc' dir='ltr'>καὶ</span> <span class='ocrx_word' id='word_1_45' title='bbox 428 1217 575 1297; x_wconf 73' lang='grc' dir='ltr'><strong><em>μεγέθει.</em></strong></span> <span class='ocrx_word' id='word_1_46' title='bbox 622 1213 734 1294; x_wconf 81' lang='lat' dir='ltr'>Neque</span> <span class='ocrx_word' id='word_1_47' title='bbox 758 1213 972 1279; x_wconf 89' lang='lat' dir='ltr'>omittendum</span> <span class='ocrx_word' id='word_1_48' title='bbox 994 1216 1073 1296; x_wconf 92' lang='lat' dir='ltr'>puto</span> <span class='ocrx_word' id='word_1_49' title='bbox 1089 1213 1255 1296; x_wconf 90' lang='lat' dir='ltr'>Apollonii</span> <span class='ocrx_word' id='word_1_50' title='bbox 1276 1212 1395 1279; x_wconf 88' lang='lat' dir='ltr'>Rhodii</span> <span class='ocrx_word' id='word_1_51' title='bbox 1416 1212 1525 1278; x_wconf 84' lang='lat' dir='ltr'>locum</span> <span class='ocrx_word' id='word_1_52' title='bbox 1642 1212 1643 1217; x_wconf 75' lang='grc'>’</span> 
     </span>
    </p>
   </div>
   <div class='ocr_carea' id='block_1_5' title="bbox 348 1318 1532 3585">
    <p class='ocr_par' dir='ltr' id='par_1_5' title="bbox 349 1318 967 1412">
     <span class='ocr_line' id='line_1_7' title="bbox 349 1318 967 1412; baseline -0.002 -25"><span class='ocrx_word' id='word_1_53' title='bbox 349 1321 383 1387; x_wconf 94' lang='lat' dir='ltr'>in</span> <span class='ocrx_word' id='word_1_54' title='bbox 398 1321 632 1412; x_wconf 89' lang='lat' dir='ltr'>Argonauticis</span> <span class='ocrx_word' id='word_1_55' title='bbox 657 1321 703 1388; x_wconf 86' lang='lat' dir='ltr'>IV</span> <span class='ocrx_word' id='word_1_56' title='bbox 727 1318 791 1386; x_wconf 83' lang='lat'>175</span> <span class='ocrx_word' id='word_1_57' title='bbox 816 1318 967 1407; x_wconf 80' lang='lat' dir='ltr'>(Merk.):</span> 
     </span>
    </p>

    <p class='ocr_par' dir='ltr' id='par_1_6' title="bbox 511 1440 1191 1532">
     <span class='ocr_line' id='line_1_8' title="bbox 511 1440 1191 1532; baseline -0.003 -23"><span class='ocrx_word' id='word_1_58' title='bbox 511 1441 589 1531; x_wconf 80' lang='grc' dir='ltr'><strong><em>όσση</em></strong></span> <span class='ocrx_word' id='word_1_59' title='bbox 616 1445 653 1510; x_wconf 80' lang='grc' dir='ltr'>δὲ</span> <span class='ocrx_word' id='word_1_60' title='bbox 676 1443 768 1532; x_wconf 84' lang='grc' dir='ltr'><strong><em>ῥινός</em></strong></span> <span class='ocrx_word' id='word_1_61' title='bbox 791 1442 871 1522; x_wconf 86' lang='grc' dir='ltr'><strong><em>βοός</em></strong></span> <span class='ocrx_word' id='word_1_62' title='bbox 894 1440 986 1531; x_wconf 78' lang='grc' dir='ltr'><strong><em>ἤνιος</em></strong></span> <span class='ocrx_word' id='word_1_63' title='bbox 1009 1441 1031 1531; x_wconf 78' lang='grc' dir='ltr'><em>ἢ</em></span> <span class='ocrx_word' id='word_1_64' title='bbox 1053 1443 1191 1528; x_wconf 91' lang='grc' dir='ltr'><strong><em>ἐλάφοιο</em></strong></span> 
     </span>
    </p>

    <p class='ocr_par' dir='ltr' id='par_1_7' title="bbox 509 1547 1389 1639">
     <span class='ocr_line' id='line_1_9' title="bbox 509 1547 1389 1639; baseline 0 -23"><span class='ocrx_word' id='word_1_65' title='bbox 509 1563 666 1634; x_wconf 80' lang='grc' dir='ltr'><strong><em>γίγνεται,</em></strong></span> <span class='ocrx_word' id='word_1_66' title='bbox 690 1547 733 1639; x_wconf 74' lang='grc' dir='ltr'>ἥν</span> <span class='ocrx_word' id='word_1_67' title='bbox 756 1557 786 1616; x_wconf 77' lang='grc' dir='ltr'><strong><em>τ’</em></strong></span> <span class='ocrx_word' id='word_1_68' title='bbox 809 1548 982 1639; x_wconf 80' lang='grc' dir='ltr'><strong><em>οἷγρῶσται·</em></strong></span> <span class='ocrx_word' id='word_1_69' title='bbox 1003 1549 1181 1638; x_wconf 72' lang='grc' dir='ltr'><strong><em>άχαιινέην</em></strong></span> <span class='ocrx_word' id='word_1_70' title='bbox 1204 1553 1389 1628; x_wconf 82' lang='grc' dir='ltr'><strong><em>καλέουσιν,</em></strong></span> 
     </span>
    </p>

    <p class='ocr_par' dir='ltr' id='par_1_8' title="bbox 507 1655 1332 1755">
     <span class='ocr_line' id='line_1_10' title="bbox 507 1655 1332 1755; baseline 0 -31"><span class='ocrx_word' id='word_1_71' title='bbox 507 1670 683 1745; x_wconf 76' lang='grc' dir='ltr'><strong><em>τοσσατλην</em></strong></span> <span class='ocrx_word' id='word_1_72' title='bbox 707 1659 818 1755; x_wconf 73' lang='grc' dir='ltr'><strong><em>πάντῃ</em></strong></span> <span class='ocrx_word' id='word_1_73' title='bbox 842 1659 980 1747; x_wconf 78' lang='grc' dir='ltr'><strong><em>χρύσεον</em></strong></span> <span class='ocrx_word' id='word_1_74' title='bbox 1003 1659 1198 1747; x_wconf 70' lang='grc' dir='ltr'><strong><em>ἐφύπερθεν</em></strong></span> <span class='ocrx_word' id='word_1_75' title='bbox 1222 1655 1332 1724; x_wconf 84' lang='grc' dir='ltr'><strong><em>άωτον</em></strong></span> 
     </span>
    </p>

    <p class='ocr_par' dir='ltr' id='par_1_9' title="bbox 469 1764 1054 1855">
     <span class='ocr_line' id='line_1_11' title="bbox 469 1764 1054 1855; baseline 0 -23"><span class='ocrx_word' id='word_1_76' title='bbox 469 1821 471 1825; x_wconf 93' lang='grc'><em>.</em></span> <span class='ocrx_word' id='word_1_77' title='bbox 509 1771 663 1855; x_wconf 74' lang='grc' dir='ltr'><strong><em>βεβρίθει</em></strong></span> <span class='ocrx_word' id='word_1_78' title='bbox 680 1767 833 1853; x_wconf 85' lang='grc' dir='ltr'><strong><em>λήνεσσιν</em></strong></span> <span class='ocrx_word' id='word_1_79' title='bbox 856 1765 1018 1854; x_wconf 81' lang='grc' dir='ltr'><strong><em>ἐπηρεφές</em></strong></span> <span class='ocrx_word' id='word_1_80' title='bbox 1028 1764 1054 1852; x_wconf 89' lang='lat'>¹)</span> 
     </span>
    </p>

    <p class='ocr_par' dir='ltr' id='par_1_10' title="bbox 348 1889 1532 3585">
     <span class='ocr_line' id='line_1_12' title="bbox 349 1889 1529 1980; baseline -0.003 -21"><span class='ocrx_word' id='word_1_81' title='bbox 349 1891 404 1980; x_wconf 88' lang='lat' dir='ltr'>(de</span> <span class='ocrx_word' id='word_1_82' title='bbox 434 1893 520 1976; x_wconf 90' lang='lat' dir='ltr'>pelle</span> <span class='ocrx_word' id='word_1_83' title='bbox 550 1889 674 1977; x_wconf 85' lang='lat' dir='ltr'>aurea).</span> <span class='ocrx_word' id='word_1_84' title='bbox 734 1893 768 1958; x_wconf 92' lang='lat' dir='ltr'>Is</span> <span class='ocrx_word' id='word_1_85' title='bbox 799 1891 888 1958; x_wconf 91' lang='lat' dir='ltr'>solus</span> <span class='ocrx_word' id='word_1_86' title='bbox 926 1893 1018 1958; x_wconf 90' lang='lat' dir='ltr'>locus</span> <span class='ocrx_word' id='word_1_87' title='bbox 1046 1912 1111 1973; x_wconf 96' lang='lat' dir='ltr'>qua</span> <span class='ocrx_word' id='word_1_88' title='bbox 1141 1911 1159 1958; x_wconf 91' lang='lat' dir='ltr'>e</span> <span class='ocrx_word' id='word_1_89' title='bbox 1188 1891 1322 1977; x_wconf 85' lang='lat' dir='ltr'>linguae</span> <span class='ocrx_word' id='word_1_90' title='bbox 1356 1890 1529 1974; x_wconf 85' lang='lat' dir='ltr'>provincia</span> 
     </span>
     <span class='ocr_line' id='line_1_13' title="bbox 348 1998 1527 2082; baseline -0.001 -17"><span class='ocrx_word' id='word_1_91' title='bbox 348 2018 414 2066; x_wconf 83' lang='lat' dir='ltr'>vox</span> <span class='ocrx_word' id='word_1_92' title='bbox 447 1999 553 2082; x_wconf 90' lang='lat' dir='ltr'>petita</span> <span class='ocrx_word' id='word_1_93' title='bbox 586 1998 646 2079; x_wconf 91' lang='lat' dir='ltr'>sit,</span> <span class='ocrx_word' id='word_1_94' title='bbox 687 1999 781 2064; x_wconf 90' lang='lat' dir='ltr'>nobis</span> <span class='ocrx_word' id='word_1_95' title='bbox 809 1999 1013 2064; x_wconf 85' lang='lat' dir='ltr'>demonstrat</span> <span class='ocrx_word' id='word_1_96' title='bbox 1047 2001 1082 2065; x_wconf 89' lang='lat' dir='ltr'>et</span> <span class='ocrx_word' id='word_1_97' title='bbox 1118 2000 1219 2066; x_wconf 85' lang='lat' dir='ltr'>verba</span> <span class='ocrx_word' id='word_1_98' title='bbox 1248 1999 1396 2066; x_wconf 89' lang='lat' dir='ltr'>continet</span> <span class='ocrx_word' id='word_1_99' title='bbox 1426 2018 1475 2080; x_wconf 91' lang='lat' dir='ltr'>ea,</span> <span class='ocrx_word' id='word_1_100' title='bbox 1506 2018 1527 2064; x_wconf 88' lang='lat' dir='ltr'>e</span> 
     </span>
     <span class='ocr_line' id='line_1_14' title="bbox 350 2105 1530 2188; baseline -0.001 -16"><span class='ocrx_word' id='word_1_101' title='bbox 350 2106 466 2187; x_wconf 88' lang='lat' dir='ltr'>quihus</span> <span class='ocrx_word' id='word_1_102' title='bbox 505 2107 546 2172; x_wconf 94' lang='lat' dir='ltr'>de</span> <span class='ocrx_word' id='word_1_103' title='bbox 586 2106 680 2172; x_wconf 93' lang='lat' dir='ltr'>huius</span> <span class='ocrx_word' id='word_1_104' title='bbox 712 2105 801 2172; x_wconf 86' lang='lat' dir='ltr'>cervi</span> <span class='ocrx_word' id='word_1_105' title='bbox 839 2105 1064 2188; x_wconf 80' lang='lat' dir='ltr'>magnitudine</span> <span class='ocrx_word' id='word_1_106' title='bbox 1104 2105 1247 2188; x_wconf 90' lang='lat' dir='ltr'>corporis</span> <span class='ocrx_word' id='word_1_107' title='bbox 1286 2106 1530 2172; x_wconf 83' lang='lat' dir='ltr'>conclusionem</span> 
     </span>
     <span class='ocr_line' id='line_1_15' title="bbox 350 2212 1529 2295; baseline 0.001 -17"><span class='ocrx_word' id='word_1_108' title='bbox 350 2213 461 2278; x_wconf 82' lang='lat' dir='ltr'>facere</span> <span class='ocrx_word' id='word_1_109' title='bbox 500 2212 671 2295; x_wconf 73' lang='lat' dir='ltr'>pessimun,</span> <span class='ocrx_word' id='word_1_110' title='bbox 709 2232 781 2280; x_wconf 90' lang='lat' dir='ltr'>cum</span> <span class='ocrx_word' id='word_1_111' title='bbox 815 2213 1001 2279; x_wconf 89' lang='lat' dir='ltr'>anniculum</span> <span class='ocrx_word' id='word_1_112' title='bbox 1031 2217 1163 2280; x_wconf 87' lang='lat' dir='ltr'>taurum</span> <span class='ocrx_word' id='word_1_113' title='bbox 1203 2217 1331 2279; x_wconf 87' lang='lat' dir='ltr'>tantum</span> <span class='ocrx_word' id='word_1_114' title='bbox 1369 2217 1529 2295; x_wconf 88' lang='lat' dir='ltr'>quantum</span> 
     </span>
     <span class='ocr_line' id='line_1_16' title="bbox 352 2316 1528 2405; baseline 0.003 -23"><span class='ocrx_word' id='word_1_115' title='bbox 352 2316 509 2405; x_wconf 80' lang='grc' dir='ltr'><strong><em>α’χαιινης</em></strong></span> <span class='ocrx_word' id='word_1_116' title='bbox 540 2319 660 2386; x_wconf 89' lang='lat' dir='ltr'>animal</span> <span class='ocrx_word' id='word_1_117' title='bbox 692 2339 765 2386; x_wconf 90' lang='lat' dir='ltr'>esse</span> <span class='ocrx_word' id='word_1_118' title='bbox 797 2319 1047 2403; x_wconf 80' lang='lat' dir='ltr'>comperiamus3</span> <span class='ocrx_word' id='word_1_119' title='bbox 1086 2339 1126 2386; x_wconf 93' lang='lat' dir='ltr'>ac</span> <span class='ocrx_word' id='word_1_120' title='bbox 1155 2324 1288 2403; x_wconf 88' lang='lat' dir='ltr'>praeter</span> <span class='ocrx_word' id='word_1_121' title='bbox 1315 2321 1528 2386; x_wconf 82' lang='lat' dir='ltr'>Aristotelem</span> 
     </span>
     <span class='ocr_line' id='line_1_17' title="bbox 350 2426 1530 2510; baseline 0.001 -19"><span class='ocrx_word' id='word_1_122' title='bbox 350 2427 435 2493; x_wconf 90' lang='lat' dir='ltr'>idem</span> <span class='ocrx_word' id='word_1_123' title='bbox 447 2426 694 2494; x_wconf 87' lang='lat' dir='ltr'>vetustissimus</span> <span class='ocrx_word' id='word_1_124' title='bbox 711 2427 752 2493; x_wconf 96' lang='lat' dir='ltr'>de</span> <span class='ocrx_word' id='word_1_125' title='bbox 768 2446 848 2495; x_wconf 88' lang='lat' dir='ltr'>voce</span> <span class='ocrx_word' id='word_1_126' title='bbox 864 2427 958 2492; x_wconf 89' lang='lat' dir='ltr'>nobis</span> <span class='ocrx_word' id='word_1_127' title='bbox 974 2430 1107 2510; x_wconf 87' lang='lat' dir='ltr'>praesto</span> <span class='ocrx_word' id='word_1_128' title='bbox 1124 2431 1178 2494; x_wconf 87' lang='lat' dir='ltr'>est</span> <span class='ocrx_word' id='word_1_129' title='bbox 1193 2431 1316 2493; x_wconf 87' lang='lat' dir='ltr'>auctor.</span> <span class='ocrx_word' id='word_1_130' title='bbox 1347 2428 1459 2508; x_wconf 89' lang='lat' dir='ltr'>Neque</span> <span class='ocrx_word' id='word_1_131' title='bbox 1474 2427 1530 2492; x_wconf 93' lang='lat' dir='ltr'>hic</span> 
     </span>
     <span class='ocr_line' id='line_1_18' title="bbox 350 2533 1528 2624; baseline 0.001 -26"><span class='ocrx_word' id='word_1_132' title='bbox 350 2533 441 2600; x_wconf 89' lang='lat' dir='ltr'>loeus</span> <span class='ocrx_word' id='word_1_133' title='bbox 466 2534 672 2616; x_wconf 89' lang='lat' dir='ltr'>antiquorum</span> <span class='ocrx_word' id='word_1_134' title='bbox 694 2533 891 2600; x_wconf 86' lang='lat' dir='ltr'>testimoniis</span> <span class='ocrx_word' id='word_1_135' title='bbox 915 2535 1083 2624; x_wconf 89' lang='lat' dir='ltr'>oppositus</span> <span class='ocrx_word' id='word_1_136' title='bbox 1108 2533 1185 2600; x_wconf 92' lang='lat' dir='ltr'>mihi</span> <span class='ocrx_word' id='word_1_137' title='bbox 1213 2534 1361 2615; x_wconf 86' lang='lat' dir='ltr'>videtur,</span> <span class='ocrx_word' id='word_1_138' title='bbox 1393 2554 1528 2616; x_wconf 88' lang='lat' dir='ltr'>quorum</span> 
     </span>
     <span class='ocr_line' id='line_1_19' title="bbox 354 2640 1530 2725; baseline 0.002 -18"><span class='ocrx_word' id='word_1_139' title='bbox 354 2641 420 2707; x_wconf 90' lang='lat' dir='ltr'>alla</span> <span class='ocrx_word' id='word_1_140' title='bbox 444 2645 588 2708; x_wconf 90' lang='lat' dir='ltr'>aetatem</span> <span class='ocrx_word' id='word_1_141' title='bbox 612 2645 745 2722; x_wconf 88' lang='lat' dir='ltr'>certam,</span> <span class='ocrx_word' id='word_1_142' title='bbox 777 2641 820 2707; x_wconf 91' lang='lat' dir='ltr'>ali</span> <span class='ocrx_word' id='word_1_143' title='bbox 836 2663 895 2717; x_wconf 64' lang='grc' dir='ltr'>ι-</span> <span class='ocrx_word' id='word_1_144' title='bbox 922 2640 1018 2707; x_wconf 91' lang='lat' dir='ltr'>hodie</span> <span class='ocrx_word' id='word_1_145' title='bbox 1041 2641 1193 2709; x_wconf 86' lang='lat' dir='ltr'>Kellerus</span> <span class='ocrx_word' id='word_1_146' title='bbox 1216 2643 1296 2710; x_wconf 87' lang='lat' dir='ltr'>item</span> <span class='ocrx_word' id='word_1_147' title='bbox 1320 2681 1360 2690; x_wconf 89' lang='lat'>—</span> <span class='ocrx_word' id='word_1_148' title='bbox 1385 2641 1530 2725; x_wconf 89' lang='lat' dir='ltr'>speciem</span> 
     </span>
     <span class='ocr_line' id='line_1_20' title="bbox 353 2745 1529 2834; baseline 0.003 -20"><span class='ocrx_word' id='word_1_149' title='bbox 353 2750 484 2833; x_wconf 85' lang='lat' dir='ltr'>depingi</span> <span class='ocrx_word' id='word_1_150' title='bbox 500 2768 627 2815; x_wconf 86' lang='lat' dir='ltr'>sumere</span> <span class='ocrx_word' id='word_1_151' title='bbox 644 2752 791 2832; x_wconf 88' lang='lat' dir='ltr'>apparet.</span> <span class='ocrx_word' id='word_1_152' title='bbox 815 2749 962 2830; x_wconf 86' lang='lat' dir='ltr'>Namque</span> <span class='ocrx_word' id='word_1_153' title='bbox 975 2745 1141 2834; x_wconf 80' lang='grc' dir='ltr'><strong><em>οἷχαιίνης,</em></strong></span> <span class='ocrx_word' id='word_1_154' title='bbox 1158 2753 1195 2815; x_wconf 92' lang='lat' dir='ltr'>nt</span> <span class='ocrx_word' id='word_1_155' title='bbox 1207 2770 1248 2817; x_wconf 87' lang='lat' dir='ltr'>ex</span> <span class='ocrx_word' id='word_1_156' title='bbox 1261 2751 1529 2817; x_wconf 87' lang='lat' dir='ltr'>adnotationibus</span> 
     </span>
     <span class='ocr_line' id='line_1_21' title="bbox 353 2854 1530 2941; baseline 0.002 -18"><span class='ocrx_word' id='word_1_157' title='bbox 353 2857 392 2923; x_wconf 91' lang='lat' dir='ltr'>de</span> <span class='ocrx_word' id='word_1_158' title='bbox 415 2854 580 2941; x_wconf 88' lang='lat' dir='ltr'>glandulis</span> <span class='ocrx_word' id='word_1_159' title='bbox 603 2856 668 2923; x_wconf 88' lang='lat' dir='ltr'>illis</span> <span class='ocrx_word' id='word_1_160' title='bbox 687 2856 901 2939; x_wconf 88' lang='lat' dir='ltr'>intellegitur,</span> <span class='ocrx_word' id='word_1_161' title='bbox 925 2875 1055 2923; x_wconf 84' lang='lat' dir='ltr'>cervum</span> <span class='ocrx_word' id='word_1_162' title='bbox 1080 2857 1230 2939; x_wconf 88' lang='lat' dir='ltr'>elaphum</span> <span class='ocrx_word' id='word_1_163' title='bbox 1253 2878 1318 2924; x_wconf 92' lang='lat' dir='ltr'>non</span> <span class='ocrx_word' id='word_1_164' title='bbox 1342 2858 1530 2941; x_wconf 85' lang='lat' dir='ltr'>significare</span> 
     </span>
     <span class='ocr_line' id='line_1_22' title="bbox 354 2960 1532 3049; baseline 0.002 -19"><span class='ocrx_word' id='word_1_165' title='bbox 354 2984 418 3030; x_wconf 92' lang='lat' dir='ltr'>non</span> <span class='ocrx_word' id='word_1_166' title='bbox 436 2968 561 3047; x_wconf 83' lang='lat' dir='ltr'>potest3</span> <span class='ocrx_word' id='word_1_167' title='bbox 586 2964 718 3046; x_wconf 88' lang='lat' dir='ltr'>quaesi</span> <span class='ocrx_word' id='word_1_168' title='bbox 740 2964 789 3029; x_wconf 85' lang='lat' dir='ltr'>ita</span> <span class='ocrx_word' id='word_1_169' title='bbox 813 2967 899 3046; x_wconf 90' lang='lat' dir='ltr'>sunt,</span> <span class='ocrx_word' id='word_1_170' title='bbox 923 2960 1080 3049; x_wconf 77' lang='grc' dir='ltr'><strong><em>οἷχαιινης</em></strong></span> <span class='ocrx_word' id='word_1_171' title='bbox 1105 2983 1176 3031; x_wconf 88' lang='lat' dir='ltr'>cum</span> <span class='ocrx_word' id='word_1_172' title='bbox 1200 2969 1296 3032; x_wconf 90' lang='lat' dir='ltr'>tauro</span> <span class='ocrx_word' id='word_1_173' title='bbox 1322 2966 1474 3032; x_wconf 91' lang='lat' dir='ltr'>anniculo</span> <span class='ocrx_word' id='word_1_174' title='bbox 1496 2966 1532 3032; x_wconf 89' lang='lat' dir='ltr'>in</span> 
     </span>
     <span class='ocr_line' id='line_1_23' title="bbox 352 3071 1530 3155; baseline -0.001 -17"><span class='ocrx_word' id='word_1_175' title='bbox 352 3072 593 3155; x_wconf 80' lang='lat' dir='ltr'>comparatione</span> <span class='ocrx_word' id='word_1_176' title='bbox 618 3071 771 3155; x_wconf 87' lang='lat' dir='ltr'>coniungi</span> <span class='ocrx_word' id='word_1_177' title='bbox 798 3090 863 3136; x_wconf 91' lang='lat' dir='ltr'>non</span> <span class='ocrx_word' id='word_1_178' title='bbox 885 3074 1006 3155; x_wconf 86' lang='lat' dir='ltr'>potest,</span> <span class='ocrx_word' id='word_1_179' title='bbox 1037 3071 1114 3153; x_wconf 93' lang='lat' dir='ltr'>qnia</span> <span class='ocrx_word' id='word_1_180' title='bbox 1136 3073 1263 3154; x_wconf 89' lang='lat' dir='ltr'>species</span> <span class='ocrx_word' id='word_1_181' title='bbox 1286 3072 1345 3139; x_wconf 91' lang='lat' dir='ltr'>illa</span> <span class='ocrx_word' id='word_1_182' title='bbox 1366 3074 1401 3138; x_wconf 91' lang='lat' dir='ltr'>et</span> <span class='ocrx_word' id='word_1_183' title='bbox 1424 3073 1530 3140; x_wconf 91' lang='lat' dir='ltr'>damis</span> 
     </span>
     <span class='ocr_line' id='line_1_24' title="bbox 353 3176 1529 3265; baseline -0.001 -20"><span class='ocrx_word' id='word_1_184' title='bbox 353 3183 388 3245; x_wconf 87' lang='lat' dir='ltr'>et</span> <span class='ocrx_word' id='word_1_185' title='bbox 409 3183 504 3245; x_wconf 88' lang='lat' dir='ltr'>tauro</span> <span class='ocrx_word' id='word_1_186' title='bbox 528 3180 615 3246; x_wconf 92' lang='lat' dir='ltr'>illius</span> <span class='ocrx_word' id='word_1_187' title='bbox 641 3178 762 3244; x_wconf 84' lang='lat' dir='ltr'>aetatis</span> <span class='ocrx_word' id='word_1_188' title='bbox 787 3178 991 3259; x_wconf 85' lang='lat' dir='ltr'>aliquantum</span> <span class='ocrx_word' id='word_1_189' title='bbox 1014 3178 1117 3245; x_wconf 88' lang='lat' dir='ltr'>maior</span> <span class='ocrx_word' id='word_1_190' title='bbox 1140 3184 1209 3262; x_wconf 90' lang='lat' dir='ltr'>est;</span> <span class='ocrx_word' id='word_1_191' title='bbox 1235 3179 1347 3261; x_wconf 84' lang='lat' dir='ltr'>itaque</span> <span class='ocrx_word' id='word_1_192' title='bbox 1371 3176 1529 3265; x_wconf 80' lang='grc' dir='ltr'><strong><em>α’χαιίνης</em></strong></span> 
     </span>
     <span class='ocr_line' id='line_1_25' title="bbox 354 3285 1531 3369; baseline 0 -16"><span class='ocrx_word' id='word_1_193' title='bbox 354 3306 485 3354; x_wconf 88' lang='lat' dir='ltr'>cervum</span> <span class='ocrx_word' id='word_1_194' title='bbox 527 3287 677 3369; x_wconf 90' lang='lat' dir='ltr'>elaphum</span> <span class='ocrx_word' id='word_1_195' title='bbox 719 3288 830 3351; x_wconf 84' lang='lat' dir='ltr'>aetate</span> <span class='ocrx_word' id='word_1_196' title='bbox 871 3285 1060 3352; x_wconf 86' lang='lat' dir='ltr'>inferiorem</span> <span class='ocrx_word' id='word_1_197' title='bbox 1102 3286 1288 3369; x_wconf 87' lang='lat' dir='ltr'>significare</span> <span class='ocrx_word' id='word_1_198' title='bbox 1337 3306 1531 3369; x_wconf 88' lang='lat' dir='ltr'>persuasum</span> 
     </span>
     <span class='ocr_line' id='line_1_26' title="bbox 354 3391 1528 3478; baseline -0.003 -18"><span class='ocrx_word' id='word_1_199' title='bbox 354 3392 498 3478; x_wconf 78' lang='lat' dir='ltr'>habeo.2)</span> <span class='ocrx_word' id='word_1_200' title='bbox 536 3394 586 3459; x_wconf 88' lang='lat' dir='ltr'>De</span> <span class='ocrx_word' id='word_1_201' title='bbox 610 3397 721 3459; x_wconf 89' lang='lat' dir='ltr'>aetate</span> <span class='ocrx_word' id='word_1_202' title='bbox 737 3392 923 3475; x_wconf 79' lang='lat' dir='ltr'>Hesychius</span> <span class='ocrx_word' id='word_1_203' title='bbox 948 3413 1075 3475; x_wconf 92' lang='lat' dir='ltr'>qnoque</span> <span class='ocrx_word' id='word_1_204' title='bbox 1099 3395 1224 3477; x_wconf 88' lang='lat' dir='ltr'>cogitat</span> <span class='ocrx_word' id='word_1_205' title='bbox 1240 3414 1265 3460; x_wconf 90' lang='lat' dir='ltr'>s.</span> <span class='ocrx_word' id='word_1_206' title='bbox 1280 3415 1329 3461; x_wconf 71' lang='grc' dir='ltr'><strong><em>τε</em></strong></span> <span class='ocrx_word' id='word_1_207' title='bbox 1353 3391 1528 3477; x_wconf 84' lang='grc' dir='ltr'><strong><em>οἷχαιῑναι·</em></strong></span> 
     </span>
     <span class='ocr_line' id='line_1_27' title="bbox 353 3497 648 3585; baseline 0 -20"><span class='ocrx_word' id='word_1_208' title='bbox 353 3500 489 3585; x_wconf 88' lang='grc' dir='ltr'><strong><em>ἐλάφων</em></strong></span> <span class='ocrx_word' id='word_1_209' title='bbox 512 3497 648 3565; x_wconf 77' lang='grc' dir='ltr'><strong><em>όλικίαι.</em></strong></span> 
     </span>
    </p>
   </div>
   <div class='ocr_carea' id='block_1_6' title="bbox 357 3763 1531 3925">
    <p class='ocr_par' dir='ltr' id='par_1_11' title="bbox 357 3763 1531 3925">
     <span class='ocr_line' id='line_1_28' title="bbox 445 3763 1531 3838; baseline 0.003 -17"><span class='ocrx_word' id='word_1_210' title='bbox 445 3765 472 3837; x_wconf 85' lang='grc'>1)</span> <span class='ocrx_word' id='word_1_211' title='bbox 491 3767 671 3837; x_wconf 81' lang='lat' dir='ltr'>Comparatio</span> <span class='ocrx_word' id='word_1_212' title='bbox 698 3782 731 3820; x_wconf 87' lang='lat' dir='ltr'>ea</span> <span class='ocrx_word' id='word_1_213' title='bbox 756 3782 811 3820; x_wconf 92' lang='lat' dir='ltr'>non</span> <span class='ocrx_word' id='word_1_214' title='bbox 839 3766 928 3819; x_wconf 84' lang='lat' dir='ltr'>allata</span> <span class='ocrx_word' id='word_1_215' title='bbox 953 3771 997 3821; x_wconf 87' lang='lat' dir='ltr'>est</span> <span class='ocrx_word' id='word_1_216' title='bbox 1021 3763 1103 3836; x_wconf 88' lang='lat' dir='ltr'>apud</span> <span class='ocrx_word' id='word_1_217' title='bbox 1117 3766 1322 3836; x_wconf 84' lang='lat' dir='ltr'>Schellertium‚</span> <span class='ocrx_word' id='word_1_218' title='bbox 1349 3768 1385 3822; x_wconf 89' lang='lat' dir='ltr'>de</span> <span class='ocrx_word' id='word_1_219' title='bbox 1402 3767 1457 3838; x_wconf 84' lang='lat' dir='ltr'>Ap.</span> <span class='ocrx_word' id='word_1_220' title='bbox 1475 3768 1531 3824; x_wconf 88' lang='lat' dir='ltr'>Rh.</span> 
     </span>
     <span class='ocr_line' id='line_1_29' title="bbox 357 3855 907 3925; baseline 0.005 -16"><span class='ocrx_word' id='word_1_221' title='bbox 357 3856 616 3925; x_wconf 87' lang='lat' dir='ltr'>comparationibus</span> <span class='ocrx_word' id='word_1_222' title='bbox 636 3856 709 3922; x_wconf 84' lang='lat' dir='ltr'>(Hal.</span> <span class='ocrx_word' id='word_1_223' title='bbox 729 3855 797 3910; x_wconf 88' lang='lat' dir='ltr'>diss.</span> <span class='ocrx_word' id='word_1_224' title='bbox 819 3856 907 3923; x_wconf 83' lang='lat'>1885).</span> 
     </span>
    </p>
   </div>
   <div class='ocr_carea' id='block_1_7' title="bbox 360 3946 1257 4322">
    <p class='ocr_par' dir='ltr' id='par_1_12' title="bbox 360 3946 1257 4322">
     <span class='ocr_line' id='line_1_30' title="bbox 444 3946 998 4032; baseline -0.002 -14"><span class='ocrx_word' id='word_1_225' title='bbox 444 3964 470 4030; x_wconf 87' lang='grc'>2)</span> <span class='ocrx_word' id='word_1_226' title='bbox 490 3964 540 4018; x_wconf 89' lang='lat' dir='ltr'>His</span> <span class='ocrx_word' id='word_1_227' title='bbox 559 3964 675 4032; x_wconf 89' lang='lat' dir='ltr'>insuper</span> <span class='ocrx_word' id='word_1_228' title='bbox 692 3963 764 4017; x_wconf 88' lang='lat' dir='ltr'>locis</span> <span class='ocrx_word' id='word_1_229' title='bbox 783 3946 998 4017; x_wconf 28' lang='lat' dir='ltr'>occurrit’vox:</span> 
     </span>
     <span class='ocr_line' id='line_1_31' title="bbox 360 4054 730 4125; baseline -0.003 -17"><span class='ocrx_word' id='word_1_230' title='bbox 360 4054 478 4124; x_wconf 83' lang='lat' dir='ltr'>Oppiam</span> <span class='ocrx_word' id='word_1_231' title='bbox 498 4070 598 4125; x_wconf 87' lang='lat' dir='ltr'>cyneg.</span> <span class='ocrx_word' id='word_1_232' title='bbox 617 4054 730 4108; x_wconf 76' lang='lat'>114262</span> 
     </span>
     <span class='ocr_line' id='line_1_32' title="bbox 622 4159 1236 4233; baseline 0 -19"><span class='ocrx_word' id='word_1_233' title='bbox 622 4162 726 4231; x_wconf 82' lang='grc' dir='ltr'><strong><em>Θάμβος</em></strong></span> <span class='ocrx_word' id='word_1_234' title='bbox 743 4159 803 4213; x_wconf 84' lang='grc' dir='ltr'><strong><em>όταν</em></strong></span> <span class='ocrx_word' id='word_1_235' title='bbox 822 4159 952 4231; x_wconf 76' lang='grc' dir='ltr'><strong><em>κερόεσσαν</em></strong></span> <span class='ocrx_word' id='word_1_236' title='bbox 968 4159 1086 4227; x_wconf 73' lang='grc' dir='ltr'><strong><em>άχατνόην</em></strong></span> <span class='ocrx_word' id='word_1_237' title='bbox 1103 4161 1236 4233; x_wconf 68' lang='grc' dir='ltr'><strong><em>πτερόεντες</em></strong></span> 
     </span>
     <span class='ocr_line' id='line_1_33' title="bbox 621 4249 1257 4322; baseline -0.003 -18"><span class='ocrx_word' id='word_1_238' title='bbox 621 4250 733 4319; x_wconf 65' lang='lat' dir='ltr'>detortae</span> <span class='ocrx_word' id='word_1_239' title='bbox 750 4251 859 4304; x_wconf 80' lang='grc' dir='ltr'><strong><em>νώτοισιν</em></strong></span> <span class='ocrx_word' id='word_1_240' title='bbox 877 4251 917 4302; x_wconf 77' lang='grc' dir='ltr'>ἐπὶ</span> <span class='ocrx_word' id='word_1_241' title='bbox 934 4256 1046 4302; x_wconf 86' lang='grc' dir='ltr'><strong><em>στικτοῑστ</em></strong></span> <span class='ocrx_word' id='word_1_242' title='bbox 1064 4249 1178 4322; x_wconf 71' lang='grc' dir='ltr'><strong><em>θορόντες</em></strong></span> <span class='ocrx_word' id='word_1_243' title='bbox 1196 4295 1203 4308; x_wconf 86' lang='grc'><strong>.</strong></span> <span class='ocrx_word' id='word_1_244' title='bbox 1223 4295 1230 4309; x_wconf 83' lang='grc'><em>,</em></span> <span class='ocrx_word' id='word_1_245' title='bbox 1250 4295 1257 4309; x_wconf 83' lang='grc'><em>,</em></span> 
     </span>
    </p>
   </div>
   <div class='ocr_carea' id='block_1_8' title="bbox 356 4357 931 4424">
    <p class='ocr_par' dir='ltr' id='par_1_13' title="bbox 356 4357 931 4424">
     <span class='ocr_line' id='line_1_34' title="bbox 356 4357 931 4424; baseline -0.002 -14"><span class='ocrx_word' id='word_1_246' title='bbox 356 4358 510 4412; x_wconf 90' lang='lat' dir='ltr'>Phalaikos</span> <span class='ocrx_word' id='word_1_247' title='bbox 529 4359 557 4413; x_wconf 93' lang='lat' dir='ltr'>in</span> <span class='ocrx_word' id='word_1_248' title='bbox 576 4359 692 4413; x_wconf 89' lang='lat' dir='ltr'>Anthol.</span> <span class='ocrx_word' id='word_1_249' title='bbox 711 4359 742 4413; x_wconf 92' lang='lat' dir='ltr'>P.</span> <span class='ocrx_word' id='word_1_250' title='bbox 760 4358 800 4413; x_wconf 89' lang='lat' dir='ltr'>VI</span> <span class='ocrx_word' id='word_1_251' title='bbox 819 4358 879 4424; x_wconf 88' lang='lat'><strong>165,</strong></span> <span class='ocrx_word' id='word_1_252' title='bbox 899 4357 931 4409; x_wconf 80' lang='lat'>2:</span> 
     </span>
    </p>
   </div>
   <div class='ocr_carea' id='block_1_9' title="bbox 622 4462 1173 4536">
    <p class='ocr_par' dir='ltr' id='par_1_14' title="bbox 622 4462 1173 4536">
     <span class='ocr_line' id='line_1_35' title="bbox 622 4462 1173 4536; baseline -0.005 -17"><span class='ocrx_word' id='word_1_253' title='bbox 622 4471 664 4521; x_wconf 76' lang='lat' dir='ltr'>nal</span> <span class='ocrx_word' id='word_1_254' title='bbox 682 4467 768 4525; x_wconf 76' lang='grc' dir='ltr'><strong><em>στύλος</em></strong></span> <span class='ocrx_word' id='word_1_255' title='bbox 785 4464 927 4536; x_wconf 79' lang='grc' dir='ltr'><strong><em>άμφτόόρου</em></strong></span> <span class='ocrx_word' id='word_1_256' title='bbox 945 4464 1041 4516; x_wconf 84' lang='grc' dir='ltr'><strong><em>σιτκτόν</em></strong></span> <span class='ocrx_word' id='word_1_257' title='bbox 1059 4462 1173 4528; x_wconf 75' lang='grc' dir='ltr'><strong><em>άχαΐντυ.</em></strong></span> 
     </span>
    </p>
   </div>
   <div class='ocr_carea' id='block_1_10' title="bbox 0 0 1810 5400">
    <p class='ocr_par' dir='ltr' id='par_1_15' title="bbox 0 0 1810 5400">
     <span class='ocr_line' id='line_1_36' title="bbox 0 0 1810 5400; baseline 0 0"><span class='ocrx_word' id='word_1_258' title='bbox 0 0 1810 5400; x_wconf 95' lang='lat' dir='ltr'> </span> 
     </span>
    </p>
   </div>
  </div>
 </body>
</html>
