3584 5400
847 628 1068 696 ..26-

371 826 460 911 gallo
490 826 524 892 in
554 825 779 893 humilioribus
809 825 985 910 praecipue
1014 825 1148 910 liuguae
1177 823 1355 908 provinciis
1377 825 1545 892 versatum

372 931 476 1000 fuisse
499 931 669 1019 eluceat.¹)
714 933 865 1000 Eandem
887 953 1002 1001 vocem
1032 932 1213 1015 antiquitus
1244 931 1285 999 de
1309 931 1457 998 omnibus
1479 950 1545 997 om·

372 1039 459 1106 nium
490 1058 647 1123 generum
677 1040 793 1109 avibus
821 1040 941 1108 dictam
964 1042 1082 1123 postea
1104 1058 1230 1121 quoqne
1252 1038 1332 1105 item
1354 1040 1547 1122 usurpatam

372 1163 445 1213 esse
475 1147 590 1214 mirum
620 1166 685 1215 non
716 1151 777 1228 ost,
808 1154 845 1213 ut
868 1147 956 1230 apud
979 1145 1137 1214 Babrium
1167 1147 1253 1212 hune
1281 1141 1417 1232 ὄρνιθες
1448 1143 1546 1212 etde

372 1251 488 1320 avibus
519 1253 647 1320 omnino
681 1257 714 1320 et
746 1254 787 1320 de
816 1254 914 1339 gallis
945 1252 1025 1320 solis
1048 1249 1288 1337 offendamus.²)
1333 1252 1415 1318 Tale
1445 1251 1547 1335 igitur

371 1341 424 1408 hic
454 1342 637 1410 invenimus
669 1362 794 1422 nomen,
833 1343 920 1425 quod
950 1346 1055 1409 totum
1084 1341 1194 1410 avium
1227 1360 1332 1426 genus
1366 1339 1547 1422 antiquitus

372 1449 616 1532 complectatur,
658 1448 775 1516 deinde
816 1469 875 1533 pro
918 1448 1102 1534 gallinaceo
1144 1448 1320 1531 praecipue
1354 1467 1475 1532 genere
1508 1449 1548 1513 ut

370 1555 509 1623 maxime
525 1559 660 1639 accepto
679 1559 714 1623 et
728 1556 878 1640 populari
894 1559 1071 1639 usurpetur
1085 1574 1191 1637 neque
1206 1559 1317 1622 tamen
1332 1554 1548 1623 vetustiorem

370 1663 568 1732 sententiam
590 1662 777 1747 impositam
799 1659 970 1748 amittatss)
1024 1663 1121 1746 Apud
1151 1662 1290 1729 eundem
1311 1665 1443 1745 poetam
1466 1657 1547 1747 elpo-

369 1795 492 1855 μαντιν
523 1790 559 1838 se
589 1769 695 1854 ipsum
727 1770 948 1854 appellantem
978 1769 1170 1837 offendimus
1197 1769 1321 1855 gallum
1329 1765 1357 1855 4)
1389 1766 1479 1855 (124,
1502 1766 1546 1834 15

370 1877 431 1943 rou
455 1874 645 1965 ὦρόμαντιν
669 1874 841 1953 οἷπολέσας
862 1875 929 1960 με).

460 2075 486 2140 1)
506 2072 542 2127 ci.
561 2071 805 2127 Wilamowituium
833 2069 1015 2140 (Aristoteles
1042 2071 1101 2125 und
1127 2070 1222 2126 Athen
1249 2071 1290 2138 H,
1318 2071 1370 2126 178
1397 2069 1461 2124 adn.
1485 2069 1548 2136 21):

373 2204 402 2229 „.
415 2203 443 2218 ..
464 2160 550 2217 Sonst
575 2159 729 2231 empfindet
754 2161 805 2215 der
828 2160 948 2215 Hellene
974 2160 1025 2214 das
1044 2160 1223 2215 Indiuiduum
1248 2161 1285 2214 im
1298 2160 1386 2215 Iriero
1411 2157 1549 2228 apdrlich.

371 2252 444 2306 Weil
464 2266 495 2305 er
513 2251 564 2305 das
583 2250 726 2320 Typi'sohe
744 2249 789 2304 bei
808 2249 865 2304 ihm
885 2249 1004 2318 eriasst,
1032 2250 1082 2304 hat
1101 2265 1132 2304 er
1151 2250 1196 2305 die
1215 2250 1303 2305 Fabel
1329 2248 1467 2304 eriundeu
1485 2247 1549 2302 und

371 2341 426 2395 den
444 2341 538 2395 Euchs
557 2340 652 2413 Κερδώ,
672 2340 726 2395 den
739 2338 826 2394 Aifen
843 2342 958 2400 Komar
975 2340 1109 2406 benauut,
1128 2340 1206 2393 nicht
1224 2339 1306 2394 einen
1324 2337 1469 2393 Reinhard
1486 2337 1550 2392 und

370 2430 544 2500 Isengrimm.
574 2429 656 2485 Auch
676 2429 721 2483 die
734 2429 828 2499 Vogel
847 2429 962 2500 pflegen
980 2429 1063 2484 keine
1075 2428 1342 2483 Individnalnamen
1360 2445 1394 2481 nn
1409 2426 1548 2494 athaliam,

373 2519 498 2575 sondern
516 2519 627 2574 Lesbia
647 2524 713 2587 sagt
736 2535 837 2588 passer
860 2520 921 2573 und
940 2519 1063 2573 Corinna
1087 2519 1236 2588 psittacus.
1272 2517 1326 2572 Die
1351 2515 1550 2572 italienisehen

370 2608 472 2664 Hunde
497 2608 611 2679 pflegen
636 2607 710 2662 noch
739 2608 822 2662 heute
851 2607 900 2661 auf
925 2623 995 2662 cane
1023 2625 1058 2661 zu
1083 2607 1197 2663 horen.“
1234 2607 1312 2661 Idem
1330 2607 1397 2662 Eur.
1416 2605 1504 2661 Heu*
1522 2605 1550 2659 II

370 2716 398 2769 p.
417 2700 467 2769 213
493 2700 528 2754 de
552 2703 609 2772 δρῦς
627 2697 671 2765 (=
691 2697 777 2752 arbor
802 2703 830 2753 et
854 2698 986 2767 quercus)
1012 2696 1079 2753 vide
1105 2697 1172 2755 ibid.
1191 2716 1219 2768 p.
1239 2698 1282 2753 63.
1320 2696 1356 2753 do
1375 2702 1455 2751 catus
1473 2711 1550 2750 voce

370 2788 441 2845 haec
459 2788 545 2843 habet
564 2787 690 2843 Hehnius
709 2805 736 2857 p.
755 2787 823 2842 462:
850 2787 905 2852 „Es
929 2803 990 2840 war
1015 2787 1077 2841 eine
1102 2787 1132 2840 in
1150 2787 1253 2841 Italion
1278 2786 1423 2856 gebildeto
1440 2784 1550 2840 Volks·

371 2878 557 2946 bonennung:
577 2878 629 2931 das
645 2876 790 2943 Tierchen‚
811 2876 863 2930 das
876 2876 980 2946 Junge,
998 2876 1052 2931 wie
1070 2892 1135 2930 man
1153 2875 1200 2930 fiir
1219 2875 1296 2931 (lans
1316 2876 1368 2929 das
1381 2874 1550 2944 Vdgolchen

371 2982 457 3035 anca,
482 2965 529 3020 fiir
548 2966 635 3022 Sahal
659 2967 688 3020 le
711 2981 817 3035 pecora
842 2979 948 3022 u.s.w.
967 2969 1074 3035 sagte.“
1112 2966 1280 3020 Retrorsum
1306 2964 1342 3020 cf.
1361 2966 1449 3027 ordia·
1472 2965 1551 3037 ὄρνεα

317 3110 321 3121 ,
371 3057 475 3127 (Hes.)3
496 3056 640 3121 „similiter
657 3055 787 3126 ignarum
806 3056 913 3123 vulgus
925 3054 1132 3110 Amstelodami
1150 3070 1248 3110 omnes
1261 3054 1389 3109 aviculas
1402 3053 1550 3124 fringillas

371 3143 505 3215 (vinkJes)
524 3160 630 3199 vocare
649 3145 770 3199 assolet“
793 3144 918 3212 (Herm).
949 3143 1034 3214 Apud
1053 3161 1105 3198 nos
1124 3144 1218 3213 ipsos:
1240 3143 1392 3213 „schlang“
1408 3164 1442 3193 =
1455 3143 1550 3213 pelias

370 3234 455 3289 herus
483 3233 672 3300 (Kreuzotter)
699 3233 901 3288 Leithaeusero
930 3238 1062 3303 auctore3
1089 3234 1211 3288 mustela
1239 3233 1405 3303 simpliciter
1432 3232 1551 3303 saepius

373 3323 468 3390 „Tier“
489 3324 659 3392 appellatur.
1250 3322 1253 3325 ’

460 3412 487 3482 2)
505 3412 624 3467 Veteres
644 3411 785 3466 vocabulo
798 3410 864 3483 <iprae
882 3428 945 3466 cum
964 3410 1118 3465 masculine
1137 3417 1196 3466 tum
1207 3411 1339 3466 feminine
1353 3411 1447 3481 gallos
1465 3416 1551 3465 nota-

371 3501 463 3569 visse,
492 3500 617 3556 Graecos
642 3500 815 3570 posteriores
833 3500 938 3573 ὄρνιθας
957 3500 1068 3555 nonnisi
1093 3501 1215 3570 gallinas
1243 3501 1338 3556 dicere
1363 3500 1552 3556 consuevisse

371 3589 509 3645 Athenaei
535 3588 685 3645 ediscimus
710 3589 870 3645 testimonio
893 3590 934 3644 IX
952 3592 1004 3646 373
1024 3605 1050 3659 a,
1068 3590 1103 3661 b3
1130 3606 1220 3659 neque
1246 3594 1339 3646 autom
1363 3605 1474 3659 semper
1499 3604 1551 3644 res

372 3695 434 3734 oum
459 3678 513 3734 hac
539 3678 678 3733 sententia
704 3678 873 3735 convenisse
899 3680 1041 3736 videntur.
1077 3680 1158 3734 Duas
1183 3679 1339 3735 sententias
1356 3679 1423 3751 ὄρνις
1439 3678 1552 3733 nomini

371 3768 477 3823 inditas
496 3768 610 3823 comicis
630 3767 807 3822 ridicularias
833 3770 975 3824 exstitisse
1000 3768 1062 3838 quis
1088 3775 1132 3823 est
1157 3768 1204 3837 qui
1227 3766 1363 3824 miretur?
1399 3767 1551 3838 Aristoph.

370 3857 426 3913 Av.
446 3857 497 3911 102
516 3872 540 3914 e.
561 3873 584 3911 c.
609 3856 761 3926 Euelpides
788 3872 822 3911 ex
847 3859 948 3928 Epope
973 3859 1083 3927 quaerit
1107 3859 1209 3930 reaper
1226 3857 1324 3931 ὄρνιςῆ
1349 3858 1425 3929 eadm
1452 3861 1552 3912 utrum

371 3947 432 4002 ales
457 3962 493 4001 an
511 3944 610 4015 pavo?
645 3947 737 4000 Lusus
762 3946 807 4001 hic
834 3951 877 4001 est
902 3948 931 4002 in
957 3947 1141 4016 ambiguitate
1167 3947 1287 4002 nominis
1311 3948 1390 4020 ὅρνις,
1413 3947 1492 4016 quod
1515 3946 1551 4002 in

371 4051 476 4106 genere
496 4051 576 4090 avem
595 4035 825 4105 qualemcumque
845 4036 985 4106 significet
1009 4041 1038 4092 et
1056 4036 1202 4107 speciatim
1225 4037 1419 4106 gallinaceum.
1456 4034 1552 4100 Quae·

371 4125 444 4180 renti
461 4126 560 4195 Epope
579 4125 749 4194 respondet:
770 4124 846 4190 „ales
866 4125 1021 4194 equidom“‚
1041 4127 1092 4182 sed
1111 4126 1238 4195 generali
1257 4125 1472 4195 significatione.

460 4213 496 4284 3),
508 4213 544 4269 ιι1.
564 4229 675 4283 quoque
694 4213 866 4287 ὀρνιθοθήραις
884 4215 933 4283 qui
951 4214 1052 4270 avibus
1070 4215 1188 4270 insidias
1207 4220 1307 4270 struat.

459 4303 488 4372 4)
507 4303 591 4357 Notio
610 4303 762 4373 perspicua
781 4309 838 4374 est3
858 4302 894 4358 cf.
907 4303 1053 4374 Aristoph.
1065 4304 1121 4360 Av.
1134 4306 1186 4360 276
1204 4305 1370 4375 promptam
1386 4321 1440 4374 pro
1456 4304 1550 4375 galle,

372 4391 562 4464 aDroysenio
580 4408 633 4462 per
646 4393 878 4463 „Krdhprophet“
894 4393 1050 4464 redditnm3
1069 4399 1212 4449 nostrates
1226 4394 1460 4464 „Hausprophet“
1474 4398 1551 4466 otc.3

372 4481 409 4539 of.
432 4481 581 4555 ὄρθροβόας.
605 4482 759 4555 ἡρισιιὶλιηγξ,
783 4480 911 4553 ὁλόφωνος,
937 4482 1001 4539 alia.
1027 4481 1165 4552 ὖειιόμανιις
1188 4504 1222 4533 .-
1247 4484 1354 4552 cornix,
1378 4482 1551 4553 Euphorion
