3584 5400
755 675 961 780 ‘5‘.

267 877 401 954 praeter
423 871 563 939 Plinium
587 871 758 949 δασύπους
766 869 792 958 ¹)
824 875 859 940 et
880 873 991 955 λαγώς
1013 893 1113 942 voces
1132 867 1439 959 'usonmine'sepa-

268 982 436 1045 rarerunt.

355 1103 447 1169 Duas
463 1103 596 1188 linguae
611 1104 763 1188 regiones
779 1104 981 1186 offendimus,
1003 1125 1139 1187 quamn
1153 1105 1320 1190 proprium
1334 1126 1440 1190 paene

269 1206 439 1285 δασύπους
462 1229 579 1277 nomen
603 1230 677 1278 esse
699 1210 919 1296 intellegitur:
961 1211 1160 1279 comicorum
1186 1249 1224 1259 -
1250 1231 1309 1279 seu
1332 1213 1440 1296 potIus

267 1316 396 1398 omnino
426 1318 594 1402 vulgarem
629 1337 809 1385 sermonem
916 1322 1015 1400 atque
1049 1319 1256 1404 zoologorum
1288 1319 1440 1403 ipsorum.

266 1422 306 1488 In
330 1423 392 1489 hac
414 1442 451 1489 re
474 1423 586 1490 mirum
611 1428 672 1505 est,
695 1426 790 1507 quod,
814 1443 886 1492 cum
901 1425 936 1492 in
951 1424 1073 1491 Atticis
1095 1425 1304 1508 pedestribus
1319 1425 1440 1492 litteris

267 1527 338 1596 fere
368 1529 462 1611 desit,
493 1531 616 1599 totiens
627 1528 653 1616 2)
683 1531 718 1597 in
748 1531 880 1615 scriptis
904 1524 1093 1598 Aristotelis
1126 1531 1260 1600 obvenit
1290 1531 1440 1614 quotiens

267 1636 377 1717 λαγώς
407 1638 448 1704 de
473 1639 583 1722 lepore
605 1639 831 1724 perusilotum.
876 1639 958 1706 Tale
981 1639 1083 1724 igitur
1105 1639 1259 1707 hocloco
1282 1640 1440 1720 habemus

266 1745 468 1826 vocabulum,
491 1748 578 1829 quod
599 1746 749 1830 populari
770 1747 825 1814 vel
847 1746 979 1832 vulgari
1001 1765 1063 1813 usu
1078 1746 1193 1813 tritum
1211 1746 1246 1813 in
1262 1745 1441 1813 doctissimi

266 1851 330 1919 viri
363 1852 553 1920 dootIssima
587 1853 711 1937 scripta
744 1853 917 1923 inductum
951 1853 1005 1922 sit.
1064 1853 1147 1936 Sed,
1172 1855 1209 1920 ut
1248 1853 1368 1937 accidit
1405 1852 1440 1918 in

268 1959 396 2027 delectu
431 1961 624 2042 verborum,
657 1960 707 2026 ita
745 1960 797 2027 hic
834 1960 963 2042 quidem
1001 1963 1164 2051 certorum
1200 1960 1343 2052 locorum
1382 1962 1442 2026 aut

265 2067 435 2150 regionum
465 2068 575 2135 nescio
607 2087 742 2151 quorum
773 2068 880 2134 studio
906 2071 963 2134 aut
986 2068 1093 2150 patrio
1124 2085 1273 2135 sermone
1295 2066 1440 2134 fortasse

267 2180 446 2256 permotum
462 2175 674 2256 Aristotelem
698 2177 759 2242 hoc
781 2175 938 2258 imprimis
961 2193 1078 2242 nomen
1092 2174 1267 2243 ‘amavisse
1290 2193 1351 2260 ego
1374 2193 1440 2241 non

267 2283 467 2366 negavonm.
521 2283 587 2348 Sed
617 2301 689 2348 cum
719 2283 754 2348 in
784 2281 899 2348 fabula
929 2282 1012 2348 satis
1042 2284 1178 2350 vetusta
1211 2282 1297 2348 hunc
1326 2300 1440 2350 vocem
1544 2289 1555 2301 “

266 2389 370 2473 lepori
399 2389 536 2456 inditam
566 2408 642 2456 esse
672 2389 850 2470 videamus,
887 2389 922 2455 id
953 2388 1171 2455 certissimum
1203 2389 1281 2456 mihi
1311 2389 1440 2471 quidem

267 2497 398 2564 videtur
421 2496 524 2564 fuisse
549 2492 757 2581 dacdnoogb
787 2495 822 2562 in
844 2496 995 2579 populari
1018 2515 1166 2563 sermone
1198 2499 1232 2562 et
1261 2497 1376 2563 Ionum
1406 2498 1441 2562 et

268 2604 452 2671 Atticorum
476 2607 510 2670 et
532 2603 674 2670 omnIum
697 2600 936 2689 Graecorum.⁴)

355 2894 382 2959 1)
400 2890 469 2944 Item
498 2904 561 2944 oum
580 2910 657 2948 -mve
675 2890 834 2959 composita
862 2896 941 2944 eunt:
969 2890 1097 2954 εὶλίποδες,
1121 2890 1254 2955 blembos,
1280 2890 1440 2962 ἐρυθρόπους,

267 2981 397 3045 πολύπους,
419 2981 585 3050 Μελάμπους
615 2979 798 3034 Eberhardus
823 2979 851 3032 in
878 2978 1001 3034 editione
1025 2978 1168 3033 Babriana
1193 2980 1331 3033 nonnulla
1354 2977 1441 3034 aiiert

266 3070 380 3123 nomina
409 3069 438 3122 in
469 3090 529 3129 κους
559 3085 609 3124 eeu
639 3068 714 3135 πόδης
745 3068 886 3124 cadentia.¹
909 3097 945 3107 -
975 3066 1105 3123 Ceterum
1128 3068 1296 3123 Plutarchus
1326 3084 1438 3138 quoque

265 3160 389 3217 domimum
409 3157 496 3212 hahet
520 3158 630 3212 duobus
655 3158 741 3212 locis:
767 3157 802 3211 de
821 3158 885 3211 soll.
906 3158 988 3211 anhn.
1007 3175 1035 3227 p.
1053 3160 1104 3213 971
1124 3158 1158 3215 Ι).
1177 3156 1380 3227 (Bernardakis
1398 3158 1439 3212 VI

265 3266 293 3319 p.
312 3248 358 3317 44)
383 3253 411 3302 et
429 3252 537 3316 quaest.
557 3247 700 3301 convival.
719 3264 747 3315 p.
767 3247 819 3301 729
837 3246 867 3301 I'.
886 3246 931 3315 (B.
949 3247 988 3302 IV
1005 3264 1034 3318 p.
1046 3238 1144 3315 339).'·

355 3375 381 3440 2)
400 3372 439 3427 Ut
457 3388 491 3427 ex
510 3371 632 3426 Bonitzii
650 3372 742 3426 indice
761 3357 953 3442 perspicItur.¹
1016 3423 1019 3429 .

354 3500 382 3565 3)
400 3498 444 3553 De
457 3498 535 3564 λαγώς
548 3512 601 3551 ave
615 3518 648 3546 =
662 3498 791 3565 λαγώιωυς
802 3498 973 3557 :dummoc
991 3498 1091 3552 videas
1107 3496 1248 3564 Fiokium‚
1268 3497 1314 3551 die
1326 3512 1438 3571 namen:

267 3588 379 3657 artigen
406 3586 567 3657 Bildungen
595 3586 647 3641 dor
674 3586 870 3655 griechischen
900 3586 1041 3656 Sprache,
1070 3587 1099 3640 in
1126 3586 1215 3641 Curtii
1243 3585 1360 3641 Studien
1387 3602 1438 3640 aur

267 3676 373 3747 griech.
410 3693 437 3730 u.
474 3676 570 3730 lathn.
599 3675 773 3731 Grammatik
808 3677 866 3730 vol.
894 3676 933 3757 IX
960 3693 988 3746 p.
1014 3676 1074 3750 173.
1104 3678 1224 3743 λαγωὶνης
1249 3696 1283 3725 =
1311 3676 1439 3743 torsimus

266 3766 334 3821 ibid.
353 3783 381 3836 p.
395 3766 454 3820 195.

354 3892 382 3960 4)
401 3892 458 3946 Pro
476 3893 574 3961 lepore
592 3897 691 3945 nostra
709 3891 737 3945 in
757 3890 855 3961 lingua
872 3906 975 3945 nomen
994 3889 1155 3945 Rauchiues
1176 3906 1314 3959 nusquam
1331 3890 1436 3957 inveni,

266 3982 316 4037 sed
336 3982 440 4050 legitur
458 3997 523 4047 vox,
542 3986 573 4034 ut
592 3980 746 4036 eGrimmii
764 3980 855 4035 lexico
875 3981 945 4047 (vol.
957 3979 1034 4049 VIII)
1053 3980 1176 4049 perspici
1194 3984 1299 4050 potest,
1318 3980 1353 4034 de
1372 3979 1436 4034 aliis

266 4071 448 4125 anImalibus:
467 4069 600 4124 rauhlusa
620 4090 653 4119 =
672 4068 908 4135 Trommeltaube‚
927 4069 1059 4123 columba
1078 4068 1212 4141 dasypus,
1227 4067 1389 4139 (rauchiusa
1408 4068 1437 4125 In

265 4160 369 4227 indico)
387 4160 463 4230 apud
483 4158 674 4214 Nemnichium
699 4146 787 4229 (exitu
806 4174 880 4214 seeo.
899 4159 1002 4228 XVIII)
1028 4158 1195 4228 scriptorem
1214 4174 1306 4213 rerum
1325 4163 1437 4213 natura·

266 4250 349 4315 lium,
377 4254 461 4318 atque
489 4246 670 4303 schneehuhn
697 4248 865 4302 nostratium
895 4247 1040 4317 (lagopus)
1070 4248 1111 4302 ita
1137 4248 1295 4318 vocitatur3
1324 4252 1437 4301 exstant

265 4354 377 4408 quoque
403 4337 587 4408 Dasypodios
618 4338 643 4405 (e
672 4336 861 4402 „Hasenfuss“
890 4336 1040 4405 redditum)
1071 4342 1108 4391 et·
1130 4335 1290 4392 Rauohiuss
1321 4336 1435 4392 nomina

264 4428 389 4498 propria.
427 4426 619 4498 [Dasypodius
645 4427 688 4483 16.
708 4426 752 4482 So.
778 4426 857 4481 initio
876 4442 922 4497 ap.
940 4426 1047 4481 Theob.
1066 4426 1239 4497 Zieglerum‚
1267 4425 1436 4481 Goschiohte
1459 4503 1463 4511 ν

267 4516 318 4572 der
336 4516 506 4587 Pitdagogik
522 4533 550 4585 p.
563 4516 617 4585 76].
1208 4546 1211 4551 -
1365 4546 1368 4551 .
