3584 5400
857 604 1053 687 ..η-

369 801 554 880 Phaedrum
576 816 752 881 occurrunt
775 812 1050 897 appellationibus
1073 818 1226 884 versatus
1253 833 1369 895 essem,
1399 808 1539 898 Georgio

369 919 483 988 'Phiele
514 921 674 988 suadente
708 920 930 1005 disputatione
959 922 1090 1006 longius
1124 923 1284 1005 producta
1317 921 1425 988 omnia
1457 940 1539 1003 quae

368 1026 495 1109 antiqui
516 1026 702 1095 fabularum
725 1027 903 1112 scriptores
918 1034 1163 1114 usurpaverunt
1176 1029 1338 1098 vocabula
1351 1027 1539 1112 perquirere

368 1132 542 1203 destinavi.
581 1136 675 1219 Quod
696 1154 762 1202 non
785 1135 856 1202 sine
879 1135 990 1202 fructu
1014 1136 1154 1218 quodam
1177 1173 1218 1184 —-
1243 1136 1342 1202 etiam
1365 1136 1408 1202 ad
1429 1133 1538 1202 fontes

367 1238 553 1309 fabularum
584 1242 827 1327 cognoscendos
853 1281 891 1291 -
917 1243 990 1309 fieri
1019 1262 1116 1326 posse
1146 1237 1315 1326 putabam,
1344 1242 1538 1325 praesertim

367 1366 439 1414 cum
469 1350 555 1417 hanc
585 1349 771 1417 fabularum
801 1349 960 1418 historiae
990 1350 1185 1435 particulam
1208 1350 1272 1418 viri
1294 1351 1410 1416 harum
1430 1368 1538 1415 rerum

365 1448 464 1540 periti
487 1457 615 1524 omnino
638 1456 709 1524 fere
732 1457 966 1542 neglexissent
1003 1457 1130 1524 Multae
1150 1461 1260 1524 autem
1274 1457 1309 1523 in
1323 1457 1387 1523 hac
1402 1456 1540 1523 materia

365 1566 500 1630 exstant
511 1564 777 1648 disceptationes
786 1565 845 1633 vel
859 1583 945 1647 quas
953 1564 1101 1632 rationes
1116 1564 1152 1630 in
1166 1564 1350 1631 nominibus
1362 1563 1538 1648 scriptores

366 1671 471 1736 secuti
494 1671 570 1752 sint,
593 1673 647 1740 vel
671 1691 756 1756 quae
780 1675 881 1739 antea
904 1671 969 1739 iam
986 1671 1149 1740 adiective
1165 1671 1232 1738 sint
1248 1670 1415 1738 adhibitae
1431 1688 1538 1752 voces,

365 1796 449 1858 quae
472 1778 684 1847 substantiva
707 1778 782 1861 sint,
811 1798 895 1861 quae
925 1779 1089 1845 ioculares
1112 1781 1254 1860 exstent,
1281 1778 1431 1860 aliaeque
1453 1777 1537 1845 1111-

365 1884 451 1950 modi
474 1885 694 1966 quaestiones.
733 1884 799 1951 Sed
822 1884 1053 1969 gravissimum
1076 1885 1154 1952 mihi
1176 1886 1282 1954 visum
1298 1888 1351 1953 est
1364 1884 1538 1967 inquirere,

364 2009 524 2073 quaenam
541 1991 779 2075 appellationes
794 2011 853 2075 per
867 1992 988 2074 poetici
1004 1992 1163 2059 sermonis
1178 1992 1398 2073 traditionem,
1422 1992 1538 2058 deinde

364 2116 449 2179 quae
482 2117 538 2165 ore
573 2098 737 2165 hominum
769 2099 989 2183 pervulgatae
1023 2118 1063 2166 ac
1096 2103 1301 2184 propagatae
1330 2099 1364 2166 in
1394 2097 1536 2166 fabellas

363 2205 591 2287 pervenerint,
628 2208 698 2272 tum
737 2225 897 2287 quaenam
936 2226 978 2273 ex
1015 2206 1066 2273 his
1104 2205 1185 2289 ipsis
1219 2207 1350 2274 nomina
1383 2227 1403 2273 1
1437 2205 1536 2272 certis

363 2311 521 2379 sermonis
551 2312 740 2396 regionibus
767 2316 868 2380 -nt
897 2313 1103 2395 rusticorum,
1133 2316 1328 2382 venatorum
1354 2352 1388 2360 —
1415 2314 1537 2380 hausta

363 2417 446 2500 1111,
478 2418 617 2501 denique
647 2438 724 2487 num
755 2418 842 2487 forte
859 2421 956 2488 ‘talia
985 2420 1197 2490 inveniantur
1220 2420 1421 2505 cognomina,
1452 2436 1536 2501 quae

362 2523 548 2593 fabularum
582 2525 778 2611 scriptorum
811 2527 945 2611 propria
979 2546 1053 2596 esse
1086 2531 1255 2611 putemus,
1290 2531 1327 2594 ut
1361 2527 1445 2600 alias
1480 2546 1535 2592 res

362 2631 503 2702 leviores
526 2633 796 2717 praetermittam.

448 2741 620 2808 Nominum
636 2745 670 2808 et
682 2741 891 2810 substantive
904 2744 938 2808 11
950 2741 1113 2810 adiective
1125 2745 1355 2825 usurpatorum
1367 2762 1532 2809 enumera·

361 2846 483 2914 tionem
515 2866 585 2916 cum
616 2848 651 2914 in
675 2848 886 2931 appendicem
909 2849 1060 2933 relegare
1083 2848 1161 2915 mihi
1183 2849 1219 2917 in
1241 2849 1348 2915 animo
1372 2849 1426 2932 sit,
1449 2867 1534 2915 nunc

359 2954 579 3039 prioreparte
602 2954 835 3037 disputationis
858 2956 991 3023 nomina
1013 2956 1222 3024 substantive
1245 2958 1407 3039 usurpata
1429 2974 1471 3022 ea
1494 2961 1535 3022 ex

361 3061 477 3143 quibus
507 3062 635 3145 quidem
666 3061 784 3144 aliquis
807 3061 936 3130 fructus
962 3061 1086 3146 percipi
1108 3062 1223 3146 possit,
1251 3062 1287 3130 in
1310 3057 1534 3144 quaestionem

359 3168 559 3252 vocabimus,
582 3169 690 3236 altera
712 3172 808 3252 parte
832 3170 941 3237 omnia
963 3171 1024 3237 sub
1047 3188 1112 3236 nno
1135 3188 1291 3253 ponemus
1316 3172 1462 3252 aspectu.

448 3276 626 3343 Exordium
650 3275 728 3342 mihi
751 3276 862 3344 faeere
884 3277 985 3343 liceat
1009 3296 1029 3343 a
1051 3295 1134 3345 voce

829 3505 1073 3582 Acarnana

447 3648 542 3733 Quod
582 3650 704 3733 leporis
746 3668 862 3717 nomen
905 3648 992 3732 apud
1027 3648 1184 3716 Babrium
1225 3648 1434 3716 substantive
1467 3665 1533 3714 non

358 3755 509 3838 occurrit,
525 3755 585 3824 sed
599 3756 634 3823 in
645 3755 831 3841 fragmento
846 3754 981 3823 1111111
993 3751 1281 3838 Antisthenicae1)
1296 3753 1331 3820 in
1342 3751 1532 3820 Aristotelis

356 3862 397 3929 de
420 3863 603 3946 republica
624 3862 707 3930 libro
734 3862 796 3944 111,
820 3859 1012 3944 1284115,
1035 3863 1168 3929 servato
1190 3860 1328 3944 legitur:
1440 3855 1530 3945 ἅπερ

357 3964 573 4055 Ἀντισθένης
596 3965 654 4054 ἔφη
678 3966 756 4044 τοδς
778 3967 916 4043 λέοντας
940 3966 1211 4053 δημηγορούντων
1234 3969 1300 4031 των
1325 3964 1530 4031 δασυπόδων

356 4082 414 4139 καῖ
437 4074 476 4139 ro*
500 4076 572 4141 icor
595 4071 783 4149 ἀξιούντων
806 4074 941 4149 πάντας
965 4069 1053 4156 ἔχειν
1076 4073 1143 4138 κτλ.

448 4180 604 4249 Breviter
625 4181 716 4249 vocis
739 4179 909 4248 historiam
933 4179 1086 4262 persequi
1108 4179 1186 4245 mihi
1208 4178 1317 4245 liceat.

445 4393 473 4464 1)
491 4392 546 4449 Ad.
565 4392 693 4460 Mueller,
713 4390 749 4445 de
767 4389 946 4444 Antisthenis
964 4389 1063 4460 Cynici
1081 4388 1141 4444 vita
1159 4394 1187 4445 st
1206 4388 1327 4459 scriptis,
1346 4404 1375 4458 p.
1387 4388 1423 4443 46
1441 4404 1457 4443 e
1475 4388 1531 4442 Po-

356 4480 434 4536 litioo
453 4480 528 4536 banc
546 4480 672 4535 fabulam
692 4483 831 4547 sumptam
850 4492 913 4532 esse
933 4477 1062 4533 coniecit.
