3584 5400
840 631 1059 698 ..34-

363 848 468 914 greges
483 827 638 914 hirtaeque
653 828 785 914 cupellas
791 850 804 909 ;
826 826 908 893 Aen.
924 826 977 893 111
992 822 1059 892 666
1082 827 1241 914 lanigerae
1255 821 1442 890 renitantur
1464 843 1541 906 oues,

363 931 685 1021 iusseruntque
710 935 849 1021 pecuda,
873 933 939 1000 VH
963 930 1005 999 93
1030 934 1187 1020 domigena
1216 933 1351 998 61116616.
1397 930 1540 1015 Saepius

363 1058 430 1107 vox
452 1039 622 1108 invenitur
644 1040 732 1124 apud
757 1039 927 1107 Ovidium:
950 1039 1030 1107 Met.
1053 1038 1187 1106 111585
1212 1040 1403 1126 lanigerosve
1423 1060 1539 1126 propes,

364 1148 412 1214 VI
435 1145 509 1229 395,
533 1147 598 1215 VH
621 1145 703 1229 540,·
737 1147 823 1214 ΧΙΠ
847 1151 928 1214 781:
962 1148 1119 1233 lanigerae
1135 1147 1284 1234 pecudes,
1316 1145 1433 1229 quibus
1455 1144 1540 1213 locis

363 1273 449 1338 quae
472 1254 581 1322 ovium
603 1255 840 1337 vel'pecndum
863 1254 934 1322 sint
949 1255 1155 1323 ostendatur.
1192 1255 1284 1324 Idem
1298 1252 1424 1337 primus
1439 1255 1541 1336 poeta
1631 1232 1632 1291 l

364 1361 612 1448 substantivum
635 1367 785 1447 usurpat,
813 1367 850 1428 nt
872 1361 1004 1447 laniger
1025 1360 1112 1428 idem
1136 1361 1302 1446 significet
1326 1366 1426 1443 atque
1450 1359 1540 1427 aries

362 1470 417 1538 vel
452 1489 576 1554 agnus:
616 1467 695 1536 Met.
732 1470 798 1535 VH
832 1467 897 1536 312
932 1472 1105 1560 innumeris
1138 1471 1244 1557 effetus
1282 1471 1403 1556 Mnipar
1439 1471 1541 1536 annu.

364 1576 520 1660 Sequitur
535 1577 707 1644 Phaedrus
731 1577 802 1644 loco
827 1595 929 1660 supra
953 1582 1214 1645 commemorato.
1244 1576 1317 1643 Nou
1332 1594 1409 1642 raro
1426 1593 1539 1642 occur·

362 1684 408 1751 rit
430 1703 497 1777 vor
518 1683 554 1750 iu
573 1683 703 1751 Manilii
718 1683 970 1767 Astronomicis,
994 1683 1049 1767 qui
1072 1689 1111 1751 ut
1132 1683 1210 1751 aliis
1232 1683 1267 1750 in
1289 1684 1389 1751 rebus
1412 1682 1464 1749 ita
1486 1681 1540 1749 hic

362 1791 538 1876 praecipue
561 1790 702 1876 Vergilii
718 1790 894 1874 Ovidiiqua
918 1809 1100 1858 sermonem
1124 1790 1275 1858 imitatus
1291 1809 1366 1858 essa
1380 1789 1540 1874 lanigeri·

363 1918 426 1981 que
459 1897 625 1965 notionem
663 1916 722 1981 pro
758 1897 875 1965 Ariete
910 1897 1007 1983 signo
1046 1898 1185 1966 caelesti
1221 1897 1346 1981 primus
1383 1896 1541 1964 exhibere

362 2005 505 2076 videtur.
1048 2050 1052 2056 .

452 2128 516 2214 Qui
550 2128 614 2196 loci
652 2128 803 2211 quamvis
838 2129 970 2214 laniger
1005 2129 1260 2214 appellationem
1295 2134 1414 2213 poetas
1449 2129 1540 2196 solos

364 2254 543 2318 usurpasse
566 2235 625 2318 eis,
649 2235 704 2318 qni
728 2235 886 2304 extremis
909 2244 948 2303 ut
971 2236 1093 2304 dicitur
1123 2237 1239 2322 digitis
1261 2237 1349 2304 hanc
1372 2235 1540 2319 quaestio·

362 2362 437 2410 nem
472 2343 672 2428 attingant·
690 2344 933 2428 persuadeant,
956 2348 1069 2412 tamen
1103 2343 1138 2411 id
1168 2343 1290 2429 agitur,
1325 2363 1402 2412 num
1437 2342 1540 2411 etiam
1633 2372 1634 2379 ι

361 2449 527 2534 pedestris
559 2450 718 2518 sermonis
751 2451 931 2537 scriptores
961 2470 1079 2520 nomen
1109 2452 1265 2520 habeant
1311 2449 1539 2539 ¹(trucissimus

364 2557 563 2625 Columellae
586 2559 679 2626 locus
699 2563 813 2626 exstat
830 2557 911 2644 (VII
926 2555 956 2641 6,
973 2557 1021 2644 5),
1043 2557 1099 2625 ubi
1114 2559 1156 2626 de
1172 2558 1282 2642 capris
1297 2558 1332 2624 in
1347 2557 1540 2626 universum

363 2659 468 2751 ag'ens
491 2664 646 2748 pecuario
670 2665 785 2751 generi
809 2664 979 2751 caprinum
1003 2663 1108 2735 obicit
1128 2671 1260 2735 auctor:
1289 2666 1351 2734 Sed
1372 2686 1539 2732 summram
1634 2707 1635 2762 l

363 2774 459 2840 aulas
481 2776 600 2859 pamma
621 2776 772 2840 maiorem
794 2795 888 2861 quom
911 2781 1030 2839 matam
1052 2776 1189 2860 capuam
1210 2774 1265 2839 aab
1280 2795 1342 2839 uno
1357 2775 1463 2839 camo
1478 2795 1540 2839 aon

363 2881 619 2968 expauescere,
635 2902 705 2946 cum
721 2882 880 2967 lanigerae
886 2877 914 2964 1)
930 2881 1015 2947 calle
1025 2884 1151 2968 puriter
1164 2881 1318 2946 commode
1331 2881 1539 2947 matum.
1634 2929 1635 2958 ι

363 2986 544 3054 Columella
567 2993 693 3054 utnon
716 3006 824 3071 pauca
845 2987 950 3054 habet
973 2988 1077 3055 verba
1100 3005 1184 3070 quae
1203 2985 1364 3054 sermonis
1379 2984 1539 3054 cotidiani
1634 3003 1635 3016 ¹

362 3098 449 3175 sunt,
484 3093 534 3160 ita
569 3102 681 3161 tamen
712 3113 835 3179 magna
870 3099 944 3162 arta
977 3099 1111 3161 tenuem
1144 3099 1180 3161 et
1213 3093 1330 3162 exilem
1365 3092 1538 3161 materiam

362 3200 509 3284 eleganti
533 3200 682 3268 oratioue
706 3200 839 3270 ornavit
863 3220 904 3268 ac
925 3200 1105 3284 perpolivit
1129 3204 1164 3268 et
1190 3204 1324 3286 praeter
1347 3199 1538 3267 Ciceronem

361 3304 581 3393 Vergiliunl)
612 3306 771 3392 imprimis
804 3308 847 3374 ad
877 3307 1073 3375 imitandum
1103 3307 1167 3375 sibi
1196 3303 1408 3394 proposuinl)
1458 3306 1538 3375 Cum

361 3414 462 3480 talem
486 3413 689 3481 offendamus
714 3413 886 3498 scriptoris
918 3412 1073 3497 loquendi
1100 3412 1379 3496 consuetudinem,
1411 3414 1452 3481 de
1474 3414 1539 3482 hoc

361 3522 522 3588 vocabulo
546 3520 630 3589 certi
652 3519 734 3587 nihil
757 3520 900 3606 proferri
922 3525 1044 3604 potest.
1082 3521 1151 3588 Aut
1173 3521 1356 3605 Vergilium
1371 3522 1441 3588 'hoc
1463 3521 1538 3589 loco

451 3767 479 3836 1)
497 3766 562 3823 Vox
586 3782 673 3837 porro
700 3773 815 3824 servata
841 3767 870 3821 in
893 3766 1031 3823 Varronis
1058 3767 1161 3823 saturis
1185 3767 1342 3838 Menippeis
1361 3770 1405 3835 (=
1423 3768 1539 3825 Petron.

361 3854 489 3910 Βιι661ι.4
506 3872 534 3925 p.
554 3856 619 3910 189:
648 3856 731 3934 Riese
751 3873 773 3911 n.
792 3858 946 3926 Λογομαχὶα
963 3873 992 3926 p.
1012 3857 1090 3925 ldd):
1116 3856 1199 3914 Haec
1218 3857 1367 3930 lanigeras
1384 3856 1541 3917 mundari

362 3945 463 4001 docuit
482 3947 672 4017 iudicareque
691 3944 865 4003 demolitam.
884 3944 1045 3999 -Plinius
1065 3945 1100 4001 da
1119 3944 1268 4000 arboribus
1293 3945 1345 4000 XM
1365 3945 1406 4013 10,
1425 3948 1476 4017 213
1502 3948 1539 4003 de

362 4047 467 4088 araneo
486 4033 519 4098 Π,
539 4032 582 4099 24,
602 4032 645 4087 28.

450 4120 478 4191 2)
497 4121 594 4189 Neque
608 4125 701 4175 tamen
715 4121 868 4190 quidquam
881 4122 917 4176 de
930 4138 1003 4178 voce
1022 4123 1127 4178 offerre
1140 4122 1274 4177 videntur
1286 4120 1365 4177 (inst
1376 4120 1537 4192 Schroeter,

362 4210 397 4263 de
416 4208 445 4264 (l.
458 4208 578 4279 Vergilii
596 4209 736 4266 imitatore
755 4210 831 4280 (Jen.
851 4209 918 4266 diss.
938 4212 1018 4281 1882)
1037 4216 1087 4267 aut
1105 4212 1158 4267 Ed
1175 4210 1301 4267 Stettner
1319 4210 1348 4264 in
1368 4218 1537 4268 commenta·

361 4298 438 4353 tione
458 4298 502 4353 cui
521 4297 595 4354 idem
614 4303 658 4353 est
676 4298 773 4354 titulus
792 4298 970 4369 Tergestina.
1413 4335 1416 4339 -

448 4389 477 4457 3)
497 4386 534 4443 ci.
552 4388 769 4456 Kottmannum‚
798 4388 833 4444 do
862 4388 1021 4445 elocutione
1049 4391 1081 4444 L.
1098 4389 1170 4444 Iunii
1188 4388 1329 4443 Moderati
1352 4386 1536 4464 columellas,

360 4490 459 4547 progr.
477 4475 610 4531 Rottwoil
630 4476 699 4533 1908
717 4494 746 4547 p.
763 4476 811 4533 111.
1219 4482 1224 4489 '
