3584 5400
729 665 860 764 -.59
906 700 950 721 ..

325 861 433 946 'Quae
464 859 653 930 mimalium
682 860 815 929 nomine
846 863 1125 948 perlustrantibus
1159 861 1254 932 nobis
1287 861 1435 934 ooonmit'

253 965 440 1037 observatio
461 966 550 1035 baud
581 967 797 1053 neglegenda,
827 969 968 1044 Doricus
991 973 1032 1040 et·
1047 969 1201 1040 Aeoliess
1223 972 1342 1056 gentes
1365 973 1432 1039 nod

252 1075 346 1146 modo
377 1093 535 1144 summum
564 1073 607 1144 in
628 1073 671 1144 iis
701 1075 851 1146 obtinere
872 1078 999 1162 losum,
1028 1079 1090 1148 sed
1119 1077 1219 1146 etiam
1249 1077 1374 1146 eertum
1396 1078 1432 1144 et

251 1182 416 1267 propriam
437 1182 474 1249 in
493 1200 607 1250 earum
629 1183 799 1254 voeabdis
824 1183 937 1255 inesse
958 1185 1109 1256 indolem.
1154 1185 1204 1253 Ao
1225 1183 1375 1270 protecto
1395 1183 1433 1253 iu

254 1290 421 1360 nonnullis·
451 1289 621 1360 vocabulis
663 1290 755 1361 velut
779 1293 961 1382 ’βωλόρυξ,
1003 1292 1192 1378 γαφοίγας,’
1215 1289 1431 1372 (ὅβεοκόπτας

255 1417 363 1468 nonne
380 1397 615 1484 pinguedinem
638 1398 802 1482 quandam
827 1402 862 1468 st
884 1400 1099 1486 asperitatem
1121 1399 1307 1469 sentimus?
1338 1401 1433 1485 Quae

256 1508 373 1593 gentes
396 1526 455 1592 pro
478 1504 548 1575 suis
571 1505 715 1575 moribus
738 1506 773 1574 in
795 1507 847 1576 hia
871 1507 1022 1579 indondis
1045 1507 1230 1579 nominibus
1254 1506 1436 1592 asperrime

253 1617 356 1686 verba
377 1613 547 1700 praeferre
569 1612 733 1697 videntur,
757 1617 857 1699 atque
879 1617 1079 1684 Boeotorum
1105 1626 1185 1685 eto.
1210 1612 1433 1692 ὅπισθοτιλας

256 1722 399 1809 agrestis
430 1722 567 1805 dumque
597 1721 707 1810 magis.
735 1741 812 1792 esse
840 1723 1186 1807 sermonisapparet.
1220 1723 1374 1790 'domem
1392 1721 1434 1790 de

256 1831 404 1900 omnibus
433 1829 521 1898 idem
549 1848 615 1897 non
645 1829 817 1900 desidum
848 1831 1099 1902 esseoonoedo
1125 1831 1283 1899 =·Veteres
1302 1828 1435 1912 quidem

253 1938 343 2023 ipsos
374 1938 450 2005 tale
474 1935 596 2020 abquid
627 1937 773 2019 sensisse
801 1938 914 2008 verbis
946 1957 1137 2024 expressum
1166 1937 1317 2008 invenies
1347 1932 1435 2021 apud

141 2111 142 2122 ,
255 2045 450 2127 Strattidem
479 2045 514 2112 in
536 2045 727 2115 Phoenissis
755 2046 892 2116 Boeotis
921 2046 1116 2118 illudentem
1142 2043 1200 2133 (τ-
1216 2042 1435 2114 Kookdcd

417 2293 535 2371 ξυνίετ’
559 2293 659 2363 οὐδὲν
682 2299 779 2362 meida
806 2291 967 2384 Θηβὰίων
992 2297 1101 2376 πόλις.
1140 2288 1142 2293 ’
1247 2284 1264 2301 ”

414 2400 514 2470 οὐδέν
537 2401 612 2469 ποτ’
636 2399 721 2469 ἄλλ’.
748 2405 783 2468 οἳ
802 2407 919 2492 πρῶτα
942 2413 1005 2489 μέν
1027 2401 1090 2491 τήν
1111 2415 1240 2493 σηπίαν

416 2508 654 2587 dacoberti-av,
678 2508 730 2588 ὦς·
744 2508 883 2593 λέγουσ’,
909 2508 1100 2596 ὀνομάζετε,
1197 2504 1201 2508 “

413 2617 474 2685 τόν
498 2615 706 2708 ἀλεκτρυόνα
731 2619 763 2685 d'
787 2616 965 2708 ὅρτοὶλιχον
981 2670 989 2687 .
1005 2668 1037 2688 ..

254 2765 378 2833 contro
399 2763 434 2830 in
449 2763 491 2832 iis
509 2762 704 2847 nominituo,
725 2783 811 2847 quae
831 2784 890 2848 per
910 2763 1053 2832 fabellas
1070 2763 1113 2831 ad
1128 2781 1189 2832 nos
1203 2766 1436 2848 pervenerunt,

208 2944 211 2949 Α
254 2872 353 2940 aliter
375 2890 429 2939 res
453 2890 489 2947 se
511 2871 653 2961 hubent:
676 2890 761 2953 quae
785 2872 934 2955 quamvis
957 2891 1022 2939 non
1047 2871 1156 2941 omnia
1175 2872 1322 2938 ettamen
1337 2870 1435 2957 longe

252 2979 392 3065 plurima
411 2978 570 3046 orationis
586 2979 687 3046 multo
704 2962 810 3064 magis
825 2983 938 3047 tersae
954 2964 1169 3063 comptasque
1184 2998 1259 3046 esse
1274 2967 1434 3046 neminem

253 3086 399 3172 effugiat,
430 3105 502 3155 oum
532 3087 644 3154 tamen
674 3086 747 3171 pari
770 3086 969 3156 observandi
995 3086 1168 3175 diligentia
1190 3088 1225 3173 et
1248 3085 1435 3155 subtilitate

252 3194 412 3263 eniteant.
1147 3188 1152 3209 ¹

255 3406 258 3413 ,
343 3337 422 3406 Aba
444 3336 606 3421 ‚sequitur
644 3336 858 3427 disceptatio,
895 3356 974 3411 nuru
1007 3356 1091 3425 queo
1129 3337 1216 3405 forte
1250 3336 1437 3408 animalium

252 3444 418 3515 vocabula
442 3465 462 3519 a
486 3442 679 3521 diversis
709 3444 920 3517 hominum
949 3434 1184 3530 generibus
1210 3443 1265 3516 vel
1292 3445 1437 3538 oultus

253 3553 498 3637 artiumque
527 3550 1012 3636 diversitaterepetenda
1042 3551 1118 3635 sint,
1148 3554 1186 3632 ut
1216 3551 1437 3624 aliafnerint

251 3660 522 3742 venatorum,
555 3658 624 3727 elia
658 3652 947 3735 sacerdotum
969 3679 998 3727 e.
1029 3679 1065 3741 a,
1099 3660 1204 3727 ardua
1237 3659 1367 3742 quidem
1400 3662 1436 3730 et

251 3758 364 3835 multis
385 3766 538 3852 partibus
553 3786 660 3851 paene
674 3767 848 3835 inaccessa
865 3766 1026 3850 quaestio,
1049 3786 1121 3834 enm
1138 3766 1178 3833 de
1193 3766 1245 3835 his
1260 3766 1437 3851 praeeipue

251 3874 364 3945 verbis
394 3874 504 3951 omnia
533 3873 604 3947 fere
628 3873 835 3957 antiquorum
862 3873 1053 3943 testimonia
1074 3874 1171 3942 hodie
1194 3873 1312 3961 desint,
1357 3875 1435 3956 Per7

251 3983 376 4050 multae
399 4001 498 4052 voees
529 3983 567 4049 ut
597 3981 632 4070 in
654 3981 879 4049 humilioribus
911 3980 1045 4067 linguae
1066 3982 1257 4067 regionibus
1280 3984 1437 4074 versatae

252 4109 327 4158 cum
348 4108 524 4173 numquam
553 4088 588 4183 in
616 4088 748 4157 litteras
778 4088 935 4156 inductae
966 4090 1095 4172 essent,
1127 4089 1222 4156 nobis
1251 4088 1348 4179 hodie
1370 4108 1437 4157 non

252 4198 332 4275 sunt
356 4199 589 4279 conservatam
615 4215 655 4263 ao
676 4186 781 4263 multa
803 4198 893 4263 aerte
917 4197 1096 4264 exstabant
1119 4196 1260 4279 nomina,
1283 4215 1367 4280 quae
1382 4197 1437 4266 vel

253 4305 317 4373 hoo
338 4304 394 4374 vel
415 4304 472 4371 illo
488 4302 650 4372 Graeciae
672 4303 858 4386 Italiaeque
883 4304 1003 4389 angulo
1026 4302 1200 4371 recondita
1220 4293 1276 4397 vel
1297 4303 1438 4372 iamdiu

250 4411 469 4491 intermortua
499 4429 675 4494 numquam
703 4412 890 4497 propagata
914 4413 1036 4479 essent.
1081 4412 1206 4481 'lumen
1229 4406 1387 4498 α’χαιῑνης
1416 4432 1436 4479 e

256 4521 459 4600 venatorum,
484 4519 734 4600 ,temaneola‘e
767 4516 973 4600 rusticorum,
1008 4517 1142 4601 ,bidens‘
1177 4537 1198 4584 a
1231 4520 1439 4595 secerdotum
