3584 5400
840 634 1062 702 ..24-

451 831 582 899 Gallum
598 851 640 898 ex
654 831 737 898 Asia
751 831 787 898 in
798 831 971 900 Graeciam
987 833 1185 900 translatum
1200 851 1274 900 esse
1287 832 1365 900 inde
1379 831 1543 915 seqnitur,
1641 916 1642 927 ρ

363 938 459 1022 quod.
486 935 676 1022 cognomine
716 933 806 1024 ὅρνις
843 938 1004 1025 Περσικός
1039 938 1230 1022 saepissime
1268 938 1440 1019 vocitatur,
1476 937 1540 1005 im-

362 1044 474 1128 primis
496 1044 593 1128 ,apud
630 1047 763 1127 poetas,
805 1047 839 1112 et
868 1047 911 1114 ab
942 1045 1164 1129 Aristophane
1193 1065 1253 1129 per
1281 1046 1387 1113 iocum
1416 1044 1541 1130 Μῆδος

362 1151 549 1220 nominatur
580 1149 683 1237 (Aves
714 1149 779 1217 276
812 1151 880 1236 sq);
918 1171 957 1218 ac
987 1153 1182 1220 Menodotus
1206 1152 1335 1220 Samius
1365 1153 1485 1238 gallum
1520 1171 1540 1218 e

362 1257 498 1326 Perside
528 1257 698 1341 provincia
726 1260 944 1342 propagatum
975 1259 1121 1326 tradidit.
1172 1261 1213 1327 In
1243 1259 1439 1333 carminibus
1467 1259 1539 1325 Ho-

363 1364 491 1432 mericis
524 1364 772 1447 Hesiodeisque,
810 1365 960 1445 quamvis
992 1384 1109 1432 nomeu
1142 1366 1308 1449 proprium
1338 1363 1540 1453 Ἀλεκτρυών

362 1473 428 1539 iam
459 1469 660 1538 offendamus
691 1469 743 1555 (Il.
773 1472 873 1539 XVII
904 1470 993 1558 602),
1031 1473 1140 1558 gallus
1178 1473 1249 1557 ipse
1280 1473 1423 1541 nondum
1450 1493 1539 1540 com-

363 1583 577 1666 memoratur;
606 1582 662 1649 ubi
692 1583 829 1666 primum
859 1583 1054 1662 nominatur,
1085 1581 1185 1648 etiam
1215 1582 1339 1648 adres
1368 1579 1539 1647 Asiaticas

290 1716 293 1721 ’
363 1693 495 1773 spectat
525 1688 704 1776 (Theognis
728 1711 759 1759 v.
783 1690 847 1757 863
872 1689 935 1774 sq).
987 1689 1115 1756 Deinde
1145 1709 1217 1756 cum
1248 1688 1472 1756 commercium
1502 1691 1541 1755 et

364 1796 563 1865 consuetudo
600 1797 688 1864 inter
725 1798 894 1882 Graecos:
909 1797 1075 1878 Asiaeque
1112 1800 1229 1882 gentes
1267 1795 1302 1862 in
1332 1795 1402 1862 dies
1431 1795 1541 1879 magis

269 1963 282 1988 ,
365 1908 574 1989 augerentur,
597 1904 772 1988 praecipue
796 1898 851 1971 VI.
876 1924 905 1972 a.
929 1905 963 1970 6.
986 1905 1126 1986 saeculo,
1156 1904 1263 1988 magis
1286 1902 1425 1970 Graecis
1446 1901 1541 1968 inno-

367 2011 449 2078 tuit:
463 2011 679 2094 Epicharmus
696 2010 736 2078 ir.
753 2009 827 2093 151,
844 2009 1114 2096 172‚Aeschy1us
1127 2010 1278 2099 (ἐνοίκιος
1296 2007 1386 2098 ὄρνις
1400 2011 1541 2077 Eumen.

367 2115 447 2202 866)
472 2114 564 2205 etc1)

454 2243 584 2310 Gallum
608 2246 666 2311 aut
689 2241 877 2332 ἀλεκτρυών
908 2243 983 2332 (seu
1005 2241 1169 2332 ἀλέκτωρ)
1200 2244 1340 2312 vocitari
1365 2246 1425 2310 aut
1447 2239 1541 2330 ὄρνις

364 2369 483 2417 nomen
514 2351 660 2434 epitheto
683 2352 804 2439 Μῆδος
836 2356 870 2418 et
891 2351 1064 2428 ἑνοικίδιος
1094 2371 1154 2418 seu
1184 2350 1356 2418 simillimis
1386 2350 1543 2417 exornari

363 2455 503 2525 vidimus
528 2457 635 2544 (Pind.
653 2460 702 2527 01.
717 2461 785 2526 XII
801 2459 844 2526 20
866 2459 1058 2542 ἐνδομάχας
1075 2511 1081 2523 .
1101 2511 1108 2522 .
1126 2455 1188 2544 ολ).
1222 2459 1277 2525 Ex
1299 2459 1404 2525 altero
1427 2476 1541 2524 eorum

364 2563 528 2631 nominum
576 2562 666 2653 ὄρνις
704 2571 909 2634 contractum
954 2586 1029 2633 esse
1075 2569 1229 2650 apparet,
1277 2565 1335 2632 sed
1373 2563 1542 2632 vanarum

362 2690 480 2739 vocum
490 2691 584 2739 usum
597 2674 748 2742 subtilius
765 2673 985 2757 inspiciamus.
1013 2674 1064 2740 Ac
1074 2673 1212 2758 primum
1228 2673 1355 2757 quidem
1372 2691 1391 2739 e
1407 2670 1542 2739 comicis

362 2779 469 2861 poetis
498 2781 648 2847 omnibus
671 2785 805 2865 praeter
828 2782 1083 2864 Aristophanem
1103 2781 1165 2847 hos
1190 2780 1313 2847 contuli
1334 2781 1441 2847 locos:

399 2940 426 3006 Ι.
450 2936 639 3027 ἀλεκτρυών
663 2961 722 3008 seu
745 2938 894 3029 ἀλέκτωρ
919 2942 959 3009 de
982 2943 1088 3027 gallo:

524 3100 554 3170 1.
579 3100 746 3168 comoedia
770 3102 922 3185 antiqua:

453 3226 623 3293 Cratinus:
646 3227 740 3294 Koch
755 3226 858 3293 FCG
873 3229 891 3294 I
905 3247 936 3310 p.
948 3225 989 3293 91
1006 3227 1167 3315 Περσικός
1184 3226 1283 3294 etiam
1299 3246 1371 3293 cum
1387 3222 1541 3313 ἀλέκτωρ

576 3333 800 3400 coniunctum:
812 3330 922 3421 decep
936 3330 955 3397 ὅ
967 3332 1128 3421 Περσνκός
1140 3329 1231 3421 ὥραν
1243 3336 1361 3398 πᾶσαν
1377 3336 1542 3416 καναχῶν

579 3437 749 3525 όλόρωνος
774 3437 930 3528 ἀλέκτωρ.
1412 3494 1417 3504 .

452 3563 549 3631 Plato
569 3567 587 3632 I
609 3564 684 3632 605.
708 3566 725 3632 Ι
748 3564 830 3632 659:
854 3570 890 3630 σὲ
907 3565 945 3630 δὲ
964 3565 1131 3642 κοκκόζων
1149 3560 1247 3652 dpup’
1263 3561 1411 3653 ἀλέκτωρ
1428 3589 1551 3652 aporos

577 3673 694 3738 λεῐται.

454 3778 640 3847 CratinusI
663 3778 737 3848 103.
761 3778 855 3847 148:
885 3780 1055 3857 κοκκύζειν
1077 3778 1139 3844 τόν
1163 3775 1357 3866 ἀλεκτρυόν’
1380 3775 1439 3845 οόκ
1462 3776 1541 3845 ἀνέ-

578 3912 703 3969 χοντωι.

454 3991 680 4077 Theopompus
703 3996 721 4061 Ι
743 3993 818 4062 735.

454 4115 592 4184 Strattis
619 4120 636 4185 Ι
665 4118 729 4185 725
761 4118 852 4205 (ibid.
885 4117 1059 4207 ὄρτάλιχος
1082 4121 1196 4187 Boeot.
1228 4118 1284 4206 (cf.
1303 4120 1393 4187 inira
1415 4140 1446 4203 p.
1470 4116 1541 4203 59).

577 4223 699 4292 1728:
725 4229 761 4290 αλ
785 4223 1003 4314 ἀλεκτρυόνες
1026 4226 1101 4295 fem.

455 4475 481 4540 1)
502 4471 537 4528 ci.
556 4472 695 4528 Hehnium
715 4478 743 4530 ct
760 4473 974 4545 Baethgemium.
