3584 5400
706 663 933 736 ...35-

242 868 367 933 seeutus
398 872 451 936 est
475 845 654 935 Columella
684 872 743 934 aut
767 866 947 936 Columella
978 872 1015 936 ut
1045 868 1103 936 alii
1134 867 1312 955 scriptores
1342 868 1408 954 ipsi

242 973 409 1059 evulgari
431 975 486 1043 vel
508 973 633 1042 rustico
651 993 801 1042 sermone
824 975 986 1042 communi
1008 975 1102 1044 fonte
1117 978 1254 1044 verbum
1269 977 1407 1062 petivit3

240 1080 309 1149 huie
343 1081 474 1165 quidem
507 1081 695 1150 sententiae
729 1082 764 1149 id
797 1082 902 1165 favet,
937 1084 1039 1167 quod,
1056 1118 1100 1132 -
1131 1089 1169 1152 ut
1202 1088 1309 1152 totum
1343 1084 1407 1152 looi

240 1190 374 1256 colorem
404 1189 669 1273 praetermittam
699 1191 851 1276 -apud
883 1191 1095 1260 Columellam
1124 1191 1221 1259 varia
1250 1193 1408 1277 leguntur

239 1297 374 1380 nomina,
396 1316 480 1380 quae
511 1296 628 1365 rustioi
658 1297 768 1383 potius
800 1300 961 1367 sermonis
992 1319 1067 1367 esse
1098 1304 1238 1385 apparet
1267 1306 1407 1368 uteo.

238 1404 328 1472 forda
352 1403 412 1492 (so.
427 1403 503 1491 bos)
527 1405 576 1473 VI
589 1402 643 1487 24,
666 1403 686 1472 3
711 1411 745 1472 et
768 1404 805 1489 43
840 1406 1057 1474 admissarius
1081 1405 1213 1495 (equus)
1237 1408 1286 1475 VI
1300 1405 1353 1489 27,
1370 1405 1406 1490 93

236 1511 290 1579 illa
316 1495 401 1579 'inde
435 1512 631 1595 adiuvatur,
667 1513 744 1595 quia
778 1515 883 1582 verba
919 1534 992 1582 oum
1025 1552 1062 1564 -
1096 1535 1156 1600 ger
1187 1512 1406 1601 composita1)

235 1619 396 1702 poetieam
429 1619 536 1705 magis
575 1616 772 1707 ongneml)
810 1621 960 1689 redolere
997 1621 1154 1692 videntur
1188 1628 1288 1706 atque
1312 1623 1406 1690 Colu-

237 1726 330 1794 mella
376 1745 613 1812 saepenumero
658 1727 693 1795 in
732 1729 873 1814 Vergilii
918 1729 1097 1798 manifesta
1141 1729 1328 1798 imitatione
1351 1729 1406 1798 de-

235 1834 457 1917 prehenditur.

320 1940 414 2026 Quae
438 1961 510 2011 uum
533 1941 583 2010 ita
614 1942 692 2026 sint,
722 1943 818 2011 nobis
849 1943 1011 2029 originem
1041 1945 1134 2014 vonis
1163 1944 1406 2029 inquirentibus

166 2089 167 2096 κ
234 2047 267 2114 in
297 2049 403 2117 medio
434 2049 633 2134 relinquitur
662 2049 872 2135 disceptatio.
917 2052 1005 2120 Fere
1035 2051 1152 2120 similis
1182 2052 1270 2121 ratio
1300 2051 1407 2120 statui

233 2161 344 2239 potest
366 2155 402 2224 iu
424 2157 585 2226 vocabulo

718 2319 918 2405 Sonipes,

166 2533 167 2536 ,
234 2479 296 2544 quo
319 2480 422 2550 equus
442 2460 673 2542 denominatur
694 2463 835 2533 Phaedr.
858 2465 907 2533 IV
922 2462 953 2547 4,
975 2460 1036 2551 3,')
1060 2465 1118 2532 ubi
1139 2465 1312 2533 Phaedrus
1333 2465 1405 2550 ipse

166 2571 167 2584 ¹
234 2568 362 2651 quidem
384 2588 423 2657 eo
447 2570 518 2638 solo
542 2570 678 2639 consilio
701 2571 813 2655 posuit
836 2591 960 2655 vooem‚
988 2575 1026 2638 ut
1049 2572 1233 2641 orationem
1256 2571 1405 2642 variaret

166 2679 167 2688 ’
233 2679 269 2743 et
289 2676 510 2763 distingueret
533 2678 629 2761 quasi
651 2681 827 2749 verborum
849 2678 1047 2767 insignibus.

318 2787 394 2854 Vox
417 2786 549 2872 sonipes
573 2785 632 2873 (:
647 2788 703 2871 qui
717 2788 801 2874 pede
817 2788 932 2877 sonat)
956 2789 1167 2875 substantive
1189 2789 1323 2874 ponitur
1344 2805 1404 2874 pro

233 2912 322 2976 equo,
346 2894 403 2978 qui
426 2894 596 2965 soliditate
620 2897 764 2983 ungulae
788 2900 858 2967 solo
881 2898 1049 2967 insultans
1071 2916 1280 2966 numerosum
1304 2915 1404 2980 quen·

167 3080 169 3101 ,
234 2999 305 3067 dam
328 3002 473 3070 sonitum
496 3003 574 3071 edit.

317 3196 346 3265 1)
365 3195 403 3251 of.
421 3196 550 3267 Deipser,
576 3198 671 3255 Ueber
690 3198 735 3255 die
752 3200 878 3271 Bildung
896 3200 955 3255 und
974 3200 1144 3270 Bedeutung
1162 3201 1215 3255 der
1232 3199 1327 3255 latein.
1347 3198 1404 3253 Ad-

233 3282 339 3351 jektiva
358 3284 407 3339 anf
425 3284 469 3340 ier
486 3286 545 3340 und
563 3302 623 3357 ger,
642 3288 801 3359 Bromberg
820 3292 898 3346 1886.

167 3400 168 3405 1
317 3373 347 3445 2)
367 3373 403 3431 ef.
423 3374 577 3451 barbipar:
593 3378 719 3450 paradas
737 3379 821 3436 Luer.
839 3379 866 3435 V
885 3379 946 3448 900,
966 3380 1092 3450 capellas
1109 3378 1149 3434 VI
1168 3378 1236 3447 9073
1254 3380 1405 3452 omuiger:

234 3468 340 3521 matres
357 3464 440 3519 Luor.
458 3465 486 3519 ΙΙ
504 3466 566 3534 368,
585 3465 650 3522 Seu.
668 3467 789 3522 Phaedr.
809 3470 886 3537 1172,
912 3468 1001 3524 subet
1020 3490 1054 3519 =
1073 3473 1181 3525 tauma
1200 3466 1264 3523 Seu.
1282 3465 1403 3522 Phaedr.

167 3574 168 3583 ¹
236 3552 298 3607 1081
334 3570 400 3625 squ.
426 3571 534 3628 genam
565 3558 671 3630 setiger
698 3556 787 3613 subet.
813 3557 866 3612 Ov.
884 3563 950 3615 met.
975 3558 1128 3628 V1113763
1158 3560 1325 3631 spwmtgm
1351 3573 1405 3613 auo

167 3626 168 3665 ³
234 3640 311 3696 Luor.
331 3641 357 3696 V
377 3642 442 3711 9853
468 3647 639 3719 squamiger
656 3644 713 3701 adi.
730 3646 842 3704 Lueret.
861 3646 874 3700 I
893 3648 954 3715 168,
974 3647 1151 3718 squamigera
1169 3646 1240 3717 (soil.
1261 3645 1403 3715 animalia)

234 3728 299 3785 Plin.
325 3730 366 3784 XI
386 3731 452 3799 137,
481 3732 516 3787 de
536 3734 715 3803 serpentibus
734 3735 790 3792 adi.
819 3734 872 3790 Ov.
896 3736 964 3790 Met.
990 3736 1031 3791 IV
1049 3738 1117 3807 7173
1145 3735 1182 3793 ai.
1200 3734 1287 3790 Babr.
1307 3734 1404 3802 167,4

167 3814 168 3855 l
233 3820 393 3893 apaopdpom
408 3820 520 3894 mipene.

167 3908 168 3929 ³
318 3908 425 3964 Similia
431 3910 551 3984 pilosus
563 3911 655 3968 Varro
668 3912 702 3967 R.
714 3914 748 3969 R.
758 3914 791 3981 Π,
802 3913 827 3982 b,
838 3916 855 3969 7
869 3912 958 3985 (adi),
971 3913 1097 3986 ειροιώκος
1109 3914 1190 3968 llum.
1202 3936 1217 3966 τ
1225 3912 1288 3980 448,
1307 3916 1331 3964 Ε
1342 3912 1402 3983 187,

167 4016 168 4019 “
232 3995 353 4070 Hebioni,
372 3998 501 4073 lbeoor„
519 4001 788 4074 muoptpocPlanud.
801 4004 901 4059 transl.
922 4002 974 4061 Ov.
987 4003 1052 4060 liet
1066 4001 1106 4058 ΙΠ
1123 4004 1185 4073 686,
1204 4001 1329 4075 εἰροπόκοι
1346 3998 1402 4068 δὼς,

233 4088 395 4157 δασύμαλλοι,
423 4089 566 4162 λασιόθριξ,
594 4092 786 4162 augustuduno,
813 4090 885 4165 ιῦιρα
909 4092 1013 4163 (μῆλα),
1042 4092 1099 4146 alia
1119 4090 1242 4161 poetiua.
1271 4090 1398 4150 iruimxoc.

234 4172 314 4243 (siloes
330 4176 379 4248 tu)
396 4177 582 4249 Inscriptions
602 4179 632 4234 ol
651 4178 707 4235 cos
727 4180 766 4251 by
784 4180 876 4235 Poton
895 4182 952 4236 and
970 4181 1058 4236 Hiolrs
1077 4196 1123 4234 no.
1142 4179 1194 4234 401
1214 4183 1267 4236 eto.

317 4266 346 4335 8)
459 4264 567 4341 &aas
584 4269 688 4327 sedura
705 4269 813 4328 solitus
831 4287 890 4343 qao
909 4267 1013 4341 facum
1030 4271 1120 4339 sium,

459 4356 544 4414 Dran
563 4375 624 4416 sese
641 4376 715 4433 oper
732 4358 857 4429 volutat,
875 4358 1009 4416 turbavit
1026 4358 1146 4416 eadm

460 4443 540 4504 Eme
557 4450 627 4503 orta
645 4446 683 4504 lia
700 4450 751 4505 est.
787 4444 913 4521 sonipes
930 4449 1030 4505 iratae
1047 4444 1114 4518 fero

461 4532 620 4593 nouum
633 4537 723 4609 petiit
740 4534 877 4593 bominis.
