3584 5400
664 1475 800 1589 Caput
827 1477 1023 1570 alterum.
1061 1452 1063 1455 ’

788 1657 895 1668 ...—
962 1663 964 1667 .

344 1763 505 1849 Quoniam
518 1762 554 1830 in
570 1762 758 1830 animalium
772 1761 956 1832 nominibus
972 1762 1059 1846 apud
1073 1762 1221 1858 Graecos
1237 1763 1432 1833 fabellarum

252 1872 433 1957 scriptores
456 1870 562 1940 obviis
584 1878 718 1956 praeter
739 1869 903 1954 poeticam
917 1870 1127 1938 traditionem
1142 1870 1317 1955 populares
1333 1872 1433 1939 etiam

253 1979 495 2065 appellationes
518 1979 653 2062 multum
676 1978 790 2047 valere
821 1977 1007 2059 statuimus,
1038 1998 1125 2046 nuno
1147 1979 1191 2046 ad
1212 1979 1432 2047 Romanorum

252 2085 388 2155 fabulas
418 2104 479 2153 nos
510 2087 751 2154 convertamus.
796 2086 846 2152 Ac
868 2085 955 2151 ratio
978 2085 1141 2153 nominum
1166 2085 1353 2153 animalium
1376 2105 1431 2154 ex-

256 2193 504 2278 cogitandorum
527 2192 615 2276 apud
636 2193 802 2260 Romanos
825 2192 883 2262 vix
907 2192 1040 2261 diversa
1070 2212 1151 2260 sane
1174 2192 1279 2260 fuisse
1302 2193 1433 2262 videtur

256 2321 277 2367 a
299 2299 450 2369 Graecis.
475 2300 587 2383 Neque
610 2319 676 2368 non
707 2301 829 2369 adsunt
850 2303 984 2384 praeter
1016 2301 1084 2367 alia
1114 2300 1276 2368 nominum
1307 2315 1432 2386 genera

253 2407 432 2476 nonnullae
456 2407 703 2491 appellationes,
727 2426 811 2491 quae
833 2406 988 2476 iocularis
1011 2407 1175 2475 nominum
1198 2407 1330 2492 generis
1346 2414 1433 2493 sunt,

253 2515 349 2582 cuins
364 2533 465 2600 snpra
483 2515 551 2600 (pg.
567 2512 587 2581 9
605 2514 678 2583 adn.
695 2512 724 2599 1,
740 2535 794 2600 pg.
811 2512 867 2600 16)
883 2509 992 2600 pauca
1005 2483 1432 2616 vestigidtyanscurrimns.

251 2622 351 2691 Talia
381 2621 576 2708 cognomina
607 2629 712 2705 eaque
742 2624 776 2689 et
803 2622 960 2690 animalia
997 2623 1032 2689 et
1061 2621 1208 2690 homines
1239 2623 1434 2691 denotantia

250 2730 400 2798 breviter
414 2750 484 2798 rem
500 2728 669 2815 attingens
689 2730 870 2814 composuit
884 2730 1164 2797 Zimmermannus
1181 2729 1320 2816 (Archiv
1335 2730 1360 2823 f,
1374 2732 1432 2799 lat.

251 2837 515 2923 Lexiccgraphie
536 2837 588 2905 IX
609 2857 640 2920 p.
663 2834 743 2923 592)
766 2840 804 2904 ut
836 2838 988 2920 Caecilia,
1010 2838 1111 2920 Inlue,
1134 2837 1266 2920 Lucius,
1289 2837 1432 2922 Valeria,

255 2944 331 3012 alia.
384 2943 451 3012 Sed
480 2963 522 3011 ex
552 2943 739 3013 fabularum
770 2942 985 3030 scriptoribus
1008 2944 1179 3028 Phaedrus
1199 2943 1346 3027 cuidem,
1377 2944 1433 3027 qni

255 3050 427 3119 materiam
461 3050 625 3118 nominum
658 3052 797 3134 praebet
830 3051 920 3118 haud
954 3050 1123 3135 exiguam,
1164 3051 1294 3119 rariora
1333 3054 1432 3134 atque

255 3157 392 3225 insolita
413 3176 521 3241 panca
541 3159 644 3225 habet
666 3154 869 3243 vocabula.²)
916 3157 1054 3224 Omnino
1077 3157 1213 3225 insolita
1236 3178 1275 3226 ac
1297 3150 1432 3241 prorsus

254 3264 434 3349 singularis
457 3266 540 3331 haec
562 3283 630 3332 una
652 3264 797 3333 occurrit
818 3282 885 3332 vox
1354 3259 1357 3264 ’

705 3461 989 3543 Terraneola,

251 3622 340 3687 quae
361 3602 485 3688 legitur
506 3602 541 3670 in
563 3602 753 3687 Appendice
776 3602 950 3670 Porottina
972 3600 1016 3669 30
1040 3601 1092 3690 (L.
1116 3552 1288 3690 Muellorlr

468 3743 551 3814 Avis
577 3764 674 3827 quam
696 3745 811 3813 dicunt
832 3745 1054 3815 terraneolam
1076 3744 1201 3827 rustici,

467 3850 503 3917 in
525 3853 617 3918 terra
638 3852 750 3919 nidum
773 3851 850 3935 quia
873 3851 1027 3936 conponit
1049 3851 1187 3934 scilicet,

468 3956 555 4026 forte
578 3958 762 4026 occucurrit
784 3958 942 4041 inprobae
964 3959 1166 4043 vulpeculae.

346 4204 373 4275 1)
393 4203 538 4259 Gallorum
566 4209 595 4260 et
619 4202 822 4259 Germanorum
850 4203 963 4259 nomina
990 4204 1150 4259 animalium
1177 4204 1207 4259 in
1234 4203 1338 4259 fabulis
1365 4204 1432 4260 trita

256 4308 339 4348 nemo
359 4293 463 4349 nescit:
482 4290 638 4364 Roynhart,
652 4292 778 4350 Reineke
796 4297 864 4363 etc.;
884 4292 921 4347 al.
933 4297 1047 4362 praeter
1058 4292 1162 4347 Jacobi
1175 4292 1301 4348 Grimmii
1320 4294 1433 4348 notissi-

255 4397 330 4436 mam
357 4381 621 4438 commentationem
638 4381 760 4452 Augusti
781 4381 920 4437 Ltlbbenii
948 4381 1167 4452 disputationem
1187 4381 1368 4448 ,Tiernamen
1394 4383 1432 4436 im

255 4469 366 4526 Rainke
385 4470 421 4545 do
438 4470 515 4526 V0a“
536 4470 647 4539 (Progr.
666 4486 761 4541 gymn.
781 4470 956 4541 Oldenburg,
976 4470 1065 4538 1863).
