3584 5400
755 645 953 713 ..7-

266 839 517 912 Substantivum
540 841 592 918 est
614 839 652 907 Il.
675 839 775 908 XVH
798 838 879 906 676:
939 841 942 846 “

311 977 354 1057 ὥς
376 987 407 1045 τ’
430 981 591 1058 αἰετός..
610 1033 642 1050 ..

267 1139 324 1157 ...
349 1083 425 1153 ὅντε
448 1096 505 1152 καὶ
519 1081 645 1174 ὑψόθ’
667 1088 770 1154 ἐόντα
796 1088 908 1166 πόδας
930 1089 1035 1172 ταχδς
1059 1088 1118 1156 οδκ
1134 1089 1242 1156 ἔλαθε
1259 1091 1362 1168 πτώξ,

310 1195 435 1282 θάμνῳ
458 1191 520 1260 ὁπ’
544 1192 722 1284 οἷμῳικόμῳ
747 1207 991 1280 κατακείμενος.

265 1337 329 1404 Ηὶο
359 1337 508 1419 quaestio
540 1337 652 1418 oritur,
683 1357 758 1405 num
781 1340 889 1422 poeta,
921 1338 951 1405 si
981 1339 1110 1421 quidem
1140 1340 1277 1407 eundem
1308 1344 1437 1424 poetam

265 1448 436 1527 utrumque
470 1445 576 1511 locum
608 1444 828 1528 composuisse
855 1445 1011 1512 credibile
1046 1449 1106 1526 est,
1135 1446 1324 1530 primariam
1345 1447 1437 1516 vocis

264 1551 535 1638 significationem
573 1551 730 1634 senserit3
768 1551 803 1622 in
832 1551 940 1636 priore
970 1553 1041 1619 loco
1071 1572 1139 1620 rem
1169 1553 1219 1620 ita
1249 1573 1286 1621 se
1314 1555 1437 1622 habere

264 1659 340 1725 inde
362 1659 429 1726 iam
450 1658 656 1743 perspicuum
679 1661 740 1740 est,
763 1660 849 1741 quod
872 1659 1041 1742 epitheton
1063 1663 1180 1726 πτῶκα
1210 1660 1372 1730 adiective
1395 1663 1439 1729 ad
1494 1730 1496 1737 ,

264 1766 399 1847 λαγωόν
422 1768 460 1833 ut
482 1762 621 1852 ἅμολήι
645 1766 688 1832 ad
712 1761 800 1853 ἄριοι
823 1766 972 1849 ponitur3
996 1767 1081 1848 quod
1105 1767 1147 1834 ad
1171 1767 1311 1863 alterum
1332 1769 1437 1835 locum

264 1873 393 1956 attinet,
416 1872 502 1940 idem
524 1872 793 1942 verisimillimum
815 1873 957 1956 videtur,
981 1874 1129 1956 quamvis
1153 1894 1171 1941 e
1193 1878 1311 1958 poetae
1333 1875 1437 1960 ipsius

263 1980 374 2048 verbis
406 1982 495 2048 certo
518 1979 667 2064 intellegi
689 1999 755 2047 non
777 1979 893 2063 possit.

319 2102 322 2115 '
352 2105 418 2173 Sed
439 2105 650 2189 inspiciamus
674 2104 756 2171 alios
780 2104 967 2188 scriptores.

351 2229 554 2311 Theocritus,
586 2229 640 2312 qui
663 2231 700 2296 ut
722 2249 831 2296 rerum
861 2230 1058 2298 rusticarum
1084 2230 1303 2314 peritissimus
1326 2232 1437 2318 singu-

262 2337 387 2404 laribus
418 2336 528 2406 verbis
559 2337 657 2406 valde
689 2336 882 2419 delectatur,
913 2339 1014 2405 hahet
1036 2340 1063 2418 I,
1094 2335 1176 2405 110:
1213 2347 1271 2403 καὶ
1302 2343 1436 2418 manag

265 2445 385 2523 βάλλει
408 2453 466 2510 καὶ
490 2450 596 2530 θηρία
621 2443 737 2508 πάντα
762 2444 882 2509 διώκει.

352 2570 633 2655 Epigrammatum
643 2565 669 2655 ¹)
692 2569 881 2636 testimonia
904 2571 1003 2638 addo:
1248 2654 1250 2657 Ι

217 2736 219 2740 v
263 2694 430 2780 Euphorio
455 2694 679 2764 Chalcidensis
702 2694 749 2781 fg.
772 2694 836 2763 inc.
859 2697 927 2765 scd.
950 2697 1061 2765 LXIV
1075 2698 1127 2764 M:

369 2796 501 2897 Πτοῖκες
525 2817 755 2908 οἷειχλῶροισιν
778 2822 934 2888 ἰαύεσκον
956 2823 1186 2910 μολοδοδροις.
1215 2903 1220 2914 ,
1292 2790 1298 2807 χ

263 2947 425 3031 Agathias
450 2946 596 3032 (Anthol.
619 2947 689 3014 Pal.
713 2948 760 3014 VI
783 2945 858 3033 72):

369 3070 470 3135 Εῐδον
493 3069 556 3151 ἐγώ
580 3070 641 3136 τδν
665 3074 782 3136 πτῶκα
806 3071 1003 3157 καθήμενον
1025 3071 1122 3154 ἑνγδς
1147 3070 1279 3160 ὀπώρης

326 3196 331 3209 ·
369 3176 565 3259 βακχιάδος,
590 3176 718 3243 πουλδν
741 3178 869 3265 βότρυν
894 3175 1129 3266 οἷμεργόμενον.

262 3302 404 3386 Philippi
419 3301 722 3371 Thessalonicensis
739 3303 939 3388 epigramma
955 3304 1190 3372 dedicatorium
1206 3303 1259 3390 (A.
1268 3302 1434 3390 P.V192):

370 3424 490 3492 Αὕλδν
512 3430 737 3515 καμινεοτῆροι
761 3426 821 3494 τδν
845 3423 1026 3514 ῳιλήνεμον
1050 3481 1131 3496 ....

372 3531 503 3610 πτωκδς
523 3534 636 3610 πόδας
651 3559 688 3600 τε
709 3534 827 3601 τούσδε
850 3535 1127 3623 λειψοινηλόγοος.
1166 3531 1169 3536 ⁴

263 3657 401 3727 Accedit
431 3659 582 3727 Bianoris
615 3660 815 3745 epigramma
845 3661 884 3727 Α.
892 3661 929 3728 Ρ.
952 3662 1003 3728 IX
1025 3659 1100 3727 227.

370 3798 580 3889 ...Αδτοὶρ
605 3798 624 3866 δ
648 3802 820 3888 δισκηδεῑς
843 3814 1059 3891 κατακαίριος
1083 3801 1204 3887 ἔμπεσε
1228 3804 1328 3893 δειλῳῖ

661 3918 767 3975 mamni
790 3907 933 3996 ταχδςῖ)
958 3910 1078 3997 (παχεῖ
1099 3909 1253 3997 Stadim.)
1269 3962 1278 3979 .
1294 3962 1328 3979 ..

353 4122 378 4189 1)
396 4121 427 4175 In
446 4122 548 4191 quibus
567 4122 679 4192 saepius
698 4122 878 4177 animantium
895 4123 1124 4193 praeclarissima
1141 4124 1255 4179 nomina
1273 4125 1415 4195 leguntur.

352 4228 381 4297 2)
420 4226 535 4296 Ἀκοαλην
554 4229 625 4301 παρὰ
644 4235 706 4283 θῖνα
724 4224 835 4297 διαυγδος
852 4232 951 4283 ἔνδοθεν
968 4228 1052 4301 ἅλμας

422 4318 502 4383 λχθιόι
518 4318 675 4387 πουλυπδδην
692 4323 791 4391 ἔδρακεν
808 4320 953 4386 ἰχθιρλόλος·

421 4412 545 4479 νηχομένῳ
564 4408 714 4481 δ’ἐπόρουσο
731 4412 773 4462 καὶ
790 4407 886 4469 &leiloio
903 4398 942 4478 ἦκ’
954 4411 994 4463 ἐπὶ
1008 4413 1097 4482 χέρσον

422 4496 555 4571 ἁρπάγδην
572 4496 650 4571 ἄγρης
667 4499 757 4569 δεσμὸν
776 4496 959 4569 ὑποφθάμενος.
997 4497 1086 4571 Λῦιοὶρ
1103 4498 1117 4552 ὁ
1136 4522 1157 4558 κ.
1169 4504 1226 4559 τ.λ.
1293 4558 1297 4565 ,
