3584 5400
845 522 1064 616 ..32-

457 744 734 828 npuuaomanos
751 741 1539 832 Genius(11,29N.A.),quiEnninmsequitur,
1625 724 1626 741 ¹

368 853 409 920 de
432 837 546 920 eadem
576 851 656 919 dicit
686 855 815 937 cubeta
848 852 900 920 cui
930 871 1047 920 nomeu
1070 871 1144 921 esse
1171 855 1296 918 cessitas
1325 837 1438 932 tradit,
1468 869 1539 916 cum

368 959 505 1028 eandem
528 959 677 1043 proferat
699 957 900 1046 fabulam31)
923 961 1029 1028 Varro
1045 961 1082 1026 L.
1098 960 1136 1027 L.
1153 957 1184 1040 5,
1197 955 1239 1025 76
1261 961 1413 1044 galeritus
1435 956 1540 1037 affert,

367 1067 453 1149 quod
475 1066 619 1150 plumam
648 1067 771 1133 babeat
796 1068 919 1133 elatam
939 1067 974 1135 in
999 1067 1107 1150 capite
1129 1065 1238 1133 instar
1259 1065 1381 1150 galeri3
1414 1063 1540 1130 Plinius

366 1174 404 1240 N.
433 1174 474 1242 H.
498 1171 550 1255 11,
581 1171 642 1239 121
675 1177 807 1261 galerita
837 1173 993 1241 feminino
1030 1192 1152 1260 genere
1191 1171 1289 1239 dixit:
1331 1193 1450 1260 parcae
1488 1173 1540 1234 cci

364 1303 443 1369 quae
472 1282 510 1346 cb
540 1282 595 1346 ille
616 1282 749 1367 galerita
779 1283 935 1368 appellata
958 1283 1114 1368 quondam
1137 1332 1145 1347 .
1169 1331 1177 1347 .
1201 1278 1263 1365 .;²)
1287 1297 1406 1346 nomeu
1428 1280 1538 1344 cassita

367 1497 479 1548 exstant
497 1491 626 1562 corydali
646 1507 766 1559 genera:
785 1493 903 1547 alterum
923 1492 1033 1561 galeam
1053 1491 1197 1546 cristatam
1215 1491 1300 1546 habet
1317 1491 1347 1544 iu
1364 1489 1457 1560 capite
1475 1503 1539 1558 par-

368 1598 448 1649 vam,
477 1597 559 1650 quam
578 1581 680 1637 Graeci
704 1582 781 1652 λόφον
806 1581 989 1651 appellabant
1015 1580 1061 1649 (ci.
1081 1580 1195 1648 schol),
1215 1580 1334 1635 alterum
1359 1579 1443 1648 galea
1465 1582 1540 1646 eget.

368 1669 452 1738 uum,
483 1671 556 1725 sicut
585 1672 670 1741 paulo
702 1677 786 1726 antea
814 1670 1045 1738 commemoravi,
1076 1671 1104 1724 in
1133 1669 1260 1744 cycladis
1290 1668 1389 1723 insulis
1419 1666 1540 1720 alaudae

367 1759 500 1814 cristatae
525 1775 613 1828 usque
638 1760 675 1814 ad
700 1759 774 1814 hunc
800 1760 873 1814 mem
897 1760 1031 1832 κορύδαλος
1056 1775 1158 1814 nomen
1187 1759 1269 1813 detur
1296 1758 1451 1824 eademque
1478 1755 1540 1809 avis

367 1848 395 1902 in
415 1848 476 1902 aliis
495 1847 632 1904 Graeciae
650 1849 777 1917 partibus
806 1849 984 1916 offendatur,
1010 1849 1132 1918 priorem
1156 1848 1276 1902 formam
1303 1863 1364 1903 eam
1389 1861 1452 1903 esse
1477 1860 1540 1914 per-

368 1937 507 2007 spicuum,
522 1942 573 1992 est.
610 1936 687 2000 Quae
710 1937 875 2007 posterioris
908 1938 985 1992 modi
1011 1944 1076 1992 sunt
1110 1938 1244 2005 alaudae,
1273 1953 1343 2006 quas
1369 1935 1452 2005 galea
1483 1949 1541 1987 uon

367 2025 512 2095 praeditas
532 2027 697 2080 catervatim
717 2027 879 2096 saepissime
897 2027 989 2080 videri
1009 2026 1114 2094 dicunt,
1133 2026 1196 2081 illas
1215 2027 1329 2082 easdem
1345 2040 1409 2080 esse
1422 2028 1541 2093 apparet
1625 2008 1626 2047 ³

368 2131 401 2168 ac
432 2107 546 2169 nostras
577 2113 713 2172 Alaudae
743 2133 926 2188 communes,
957 2132 1074 2185 quarum
1104 2132 1225 2186 magnae
1257 2120 1390 2170 catervae
1420 2112 1540 2167 hiberno
1625 2110 1626 2197 J

367 2207 494 2272 tempore
512 2204 541 2256 in
560 2202 707 2258 Graeciam
726 2205 905 2274 perveniunt.

457 2311 494 2366 Ut
513 2311 602 2380 primo
622 2311 676 2364 iam
689 2313 789 2367 obtutu
803 2328 837 2367 ex
850 2313 1022 2384 etymologia
1037 2312 1242 2366 vocabulorum
1256 2310 1398 2378 discimus,
1416 2324 1505 2364 voces
1526 2324 1541 2363 e
1625 2384 1626 2395 .

366 2399 426 2472 κόρυ
443 2399 582 2454 formatae
600 2401 690 2470 primo
710 2401 747 2454 ad
767 2401 884 2455 alaudas
904 2402 1024 2455 cessitas
1042 2401 1231 2470 pertinebant,
1249 2413 1322 2468 quae
1338 2398 1442 2452 abhoc
1455 2397 1540 2467 siguo
1625 2432 1626 2435 =

367 2489 407 2544 ita
425 2489 650 2545 nominabantur.
682 2490 738 2545 Sed
756 2496 788 2546 ut
806 2491 886 2562 vulgi
905 2496 950 2546 est
967 2508 1028 2545 mos
1047 2507 1132 2545 unum
1150 2489 1227 2560 quod
1247 2488 1414 2544 offensionis
1433 2487 1541 2555 aliquid
1625 2508 1626 2555 3

367 2578 470 2633 habeat
489 2594 579 2646 genus
597 2596 650 2648 pro
670 2580 869 2649 compluribus,
888 2597 972 2633 unam
991 2579 1113 2649 speciem
1132 2596 1184 2650 pro
1204 2583 1265 2633 toto
1284 2592 1398 2649 genere,
1422 2577 1541 2631 alteram
1625 2580 1626 2619 l

366 2683 418 2738 pro
439 2667 529 2723 altera
547 2669 677 2740 speciem,
704 2668 807 2737 dicere,
825 2669 866 2724 ita
883 2669 1003 2723 Romani
1023 2668 1179 2739 Graecique
1197 2668 1226 2723 iu
1246 2667 1350 2722 alauda
1368 2665 1542 2721 nominanda

367 2758 499 2811 cassitam
524 2759 723 2829 praeposuisse
748 2759 893 2826 videntur,
921 2774 994 2827 quae
1020 2759 1082 2812 avis
1108 2776 1171 2814 cum
1195 2758 1383 2827 pulcherrime
1403 2762 1488 2811 canat
1506 2772 1540 2810 ac

367 2845 471 2900 fiducia
503 2847 645 2901 bominum
669 2848 789 2918 insignis
816 2848 954 2918 galeaque
981 2848 1055 2902 iuter
1080 2848 1150 2903 alias
1178 2847 1303 2902 eiusdem
1332 2846 1445 2924 generis
1470 2835 1542 2901 aves

366 2935 485 3005 primurn
513 2935 639 2992 obtineat
666 2937 773 3006 locum,
800 2937 903 2993 nemini
928 2952 985 2991 non
1010 2937 1096 2991 valde
1122 2943 1241 3007 accepta
1268 2942 1297 2992 et
1322 2954 1385 2991 cum
1409 2951 1541 2990 sermone

366 3023 478 3093 vulgari
497 3029 555 3078 tum
582 3026 736 3095 proverbio
762 3032 882 3096 pernota
902 3033 972 3083 erat.
1005 3027 1103 3095 Itaque
1123 3025 1225 3081 Graeci
1251 3041 1347 3080 omues
1366 3024 1486 3079 alaudas
1507 3055 1540 3064 -

366 3118 395 3167 et
414 3128 462 3167 eas
487 3129 559 3182 quae
584 3115 695 3184 galeam
719 3115 825 3170 babent
850 3121 878 3170 et
904 3130 952 3170 eas
971 3116 1072 3184 quibus
1095 3116 1193 3170 deerat
1210 3145 1247 3153 -
1264 3114 1380 3187 κοριιόούς
1397 3114 1445 3170 vel
1463 3136 1542 3187 κορυ-

366 3203 455 3262 δαλοῠς
479 3202 626 3271 dicebant,
651 3203 774 3258 Celticae
799 3209 900 3273 gentes
919 3204 1050 3258 alaudam
1077 3204 1196 3271 (Gliiclrz
1223 3204 1322 3259 Jahrb.
1341 3203 1361 3261 i.
1379 3203 1542 3272 Philologie

368 3292 410 3360 93,
424 3292 483 3360 166,
502 3292 549 3361 qui
563 3293 752 3364 etymologice
764 3308 865 3348 vocem
878 3294 1012 3363 explanat
1026 3294 1068 3362 [z
1080 3294 1141 3359 ,die
1155 3292 1359 3362 beschopite“],
1373 3292 1409 3349 ci.
1421 3292 1542 3360 Holder,
1625 3275 1626 3286 ¹

366 3380 594 3436 Ait-celtischer
626 3381 848 3452 Sprachschatz,
883 3382 943 3439 vol.
972 3383 986 3436 I
1015 3400 1043 3452 p.
1075 3383 1133 3453 75);
1170 3382 1307 3453 galeritus
1340 3382 1387 3436 vel
1419 3382 1543 3452 galerita

366 3469 495 3527 Romani.
547 3469 654 3526 Gellius
688 3471 764 3540 quod
793 3470 919 3526 similiter
948 3470 1097 3526 formatam
1127 3487 1227 3527 vocem
1257 3471 1375 3541 praebet
1406 3471 1542 3524 cassitam
1625 3451 1626 3464 ¹

367 3558 411 3627 (H,
430 3559 485 3629 29),
510 3553 535 3640 11
561 3576 623 3613 cum
648 3560 746 3615 fabula
764 3560 881 3614 verbum
905 3559 975 3614 illud
1000 3575 1034 3613 ex
1053 3561 1144 3614 Ennio
1163 3560 1292 3615 hausisse
1317 3558 1444 3626 videtur,
1463 3559 1542 3613 unde
1625 3551 1626 3572 ³

365 3646 420 3700 iam
440 3647 512 3716 epici
530 3648 604 3702 illius
623 3650 725 3704 aetatis
745 3650 876 3703 cassitam
896 3649 1014 3704 eandem
1038 3654 1122 3717 atque
1146 3648 1276 3702 alaudam
1302 3644 1540 3716 significationem

366 3734 498 3790 babuisse
517 3736 657 3792 discimus.
695 3737 912 3793 EGraecorum
936 3738 1033 3805 lingua
1058 3739 1086 3790 in
1111 3736 1274 3791 Latinorum
1302 3736 1470 3791 translatum
1495 3742 1543 3790 est

365 3826 511 3896 ncpndaldct
531 3826 684 3896 corydalus
698 3826 788 3894 (Serv.
802 3826 840 3880 ad
851 3827 939 3895 Verg.
952 3825 1004 3881 ecl.
1017 3827 1042 3893 2,
1056 3829 1082 3891 1)
1101 3826 1129 3878 in
1147 3826 1258 3880 urbano
1276 3841 1421 3895 sermone;
1440 3824 1542 3879 rustici
1625 3845 1626 3884 3

367 3912 530 3967 coredulum
561 3919 718 3969 noverunt:
749 3913 838 3969 CGL
865 3915 891 3969 V
921 3916 962 3981 11,
982 3914 1016 3969 22
1046 3913 1154 3968 Placid.
1180 3934 1213 3964 =
1239 3915 1266 3969 V
1290 3915 1368 3981 sal
1397 3913 1445 3979 (ci.
1465 3913 1542 3969 situl.

366 4001 400 4056 A.
413 4001 433 4059 f.
446 4002 464 4057 l.
477 4004 508 4058 L.
526 4004 551 4057 Π
568 4005 641 4071 478).

457 4111 482 4179 1)
501 4110 607 4164 Ennius
626 4110 671 4165 ed.
689 4107 822 4163 Vahlen¹
840 4108 900 4177 (pg.
913 4107 977 4178 aot)
996 4113 1049 4165 sat.
1068 4110 1111 4163 21.

455 4215 483 4285 2)
501 4215 595 4285 Atque
623 4214 746 4271 occurrit
770 4214 899 4288 galerita
924 4230 977 4284 pro
1006 4215 1109 4268 alauda
1137 4231 1182 4284 ap.
1210 4215 1306 4271 Seren.
1333 4216 1543 4272 Sammonicum

365 4302 414 4357 llb.
432 4303 561 4363 medicin.
579 4322 606 4363 v.
625 4306 679 4360 575
697 4325 731 4354 .-.
749 4302 856 4357 Poetae
875 4303 923 4360 lat
942 4303 1007 4358 min.
1026 4303 1071 4357 ed.
1090 4303 1218 4358 Bihreus
1236 4305 1276 4359 ΠΙ
1293 4322 1322 4375 p.
1342 4306 1408 4359 134:
1426 4305 1543 4363 Mende
1625 4331 1626 4360 z

363 4390 522 4466 galeritam
540 4394 698 4464 uolucrem,
718 4408 808 4466 quam
826 4394 944 4449 nomine
963 4392 1075 4449 dicuat.
