3584 5400
861 623 1082 698 ..30-

382 829 453 898 Voc
476 828 675 897 deminutivc
705 837 921 910 almonacir,
949 829 1037 911 qnod
1066 831 1178 895 tamen
1207 845 1273 893 non
1296 827 1409 892 exstat
1436 793 1504 890 nisi
1527 820 1562 888 in

382 939 622 1004 mediterraneos
643 933 845 1020 vocabulo.¹)

472 1061 567 1146 Quod
588 1074 706 1128 noman
738 1061 826 1128 nullo
851 1061 916 1128 alio
939 1057 1125 1144 veterum2)
1155 1057 1342 1126 testimonio
1366 1056 1461 1124 nobis
1483 1074 1562 1121 con·

383 1173 553 1246 seruatum
576 1172 638 1249 est,
661 1168 747 1234 unda
771 1187 855 1250 quae
885 1172 1035 1252 potestas
1066 1167 1136 1234 ains
1167 1166 1212 1233 sit
1242 1164 1413 1249 comperiri
1443 1166 1563 1248 queat;

382 1295 490 1359 neque
520 1275 605 1343 idam
637 1274 772 1342 fabulae
803 1281 1030 1356 argumentum
1064 1275 1131 1341 alia
1160 1272 1323 1340 tractavit
1352 1272 1563 1354 antiquorum

382 1365 516 1464 labana,
548 1383 633 1450 unde
665 1382 830 1465 quasilla
863 1382 936 1450 avis
966 1382 1011 1449 sit
1042 1381 1236 1449 concludere
1266 1379 1437 1463 possimus.
1481 1379 1561 1462 Ipsa

382 1490 511 1573 quidem
533 1493 633 1573 poeta
647 1490 738 1556 hisce
753 1489 864 1558 verbis
888 1489 1034 1572 explicat
1054 1507 1183 1573 uocem:
1206 1491 1240 1554 in
1254 1497 1340 1554 terro
1354 1489 1466 1552 nidum
1483 1488 1561 1573 quia

382 1601 524 1685 conponit
560 1599 679 1663 scilicet.
737 1597 790 1663 Ea
823 1600 946 1663 natura
982 1595 1185 1683 κορυδαλλός
1220 1595 1292 1663 avis
1330 1592 1463 1677 propria
1495 1597 1560 1674 est,

382 1705 474 1772 cuius
507 1704 550 1788 in
580 1703 702 1772 fabulis
741 1703 912 1786 frequens
931 1702 1132 1770 consuetudo
1171 1705 1238 1783 est;
1276 1700 1326 1768 ita
1359 1700 1559 1766 Aristotcles

381 1811 423 1878 H.
439 1812 478 1878 A.
495 1809 600 1894 558b‚
630 1808 824 1892 27-5590,
855 1810 886 1878 2.
933 1821 1033 1875 τίκτει
1064 1809 1101 1875 ἐν
1130 1813 1172 1904 τῇ
1202 1810 1263 1902 γῇ,·
1297 1804 1402 1886 crta,
1425 1801 1467 1872 33
1497 1804 1557 1870 ant

383 1917 520 2005 δένδρου
556 1914 594 1983 οὕ
633 1919 769 1993 καθίζει
809 1913 886 1981 a'li’
920 1915 978 1981 ἐπὶ
1012 1919 1071 2002 τῆς
1105 1919 1164 2001 γῆς
1171 1944 1183 1994 ,·
1221 1912 1285 1980 633
1295 1911 1366 1994 b,1
1401 1911 1558 1993 ἐπίγειος,

309 2101 313 2111 Ι
382 2025 564 2101 κονιστικός
588 2025 770 2108 vocitatum
804 2024 999 2090 Theocritus
1020 2023 1086 2090 VII
1108 2019 1150 2088 23
1169 2019 1397 2104 ’ἐπιτυμβίδιοι
1411 2015 1438 2104 ³)
1468 2043 1558 2106 κορυ-
1635 2034 1636 2099 ¹

383 2131 556 2211 1100ος,-
595 2130 839 2213 capritanae
871 2129 954 2216 (rac.
984 2128 1043 2216 72)
1078 2129 1158 2196 nan
1188 2130 1229 2195 ue
1259 2124 1464 2214 topatus.
1497 2124 1560 2193 aaa

382 2238 499 2322 τάφοις
524 2239 665 2314 παίζων.
714 2238 780 2304 Sed
802 2239 904 2304 multo
928 2238 1064 2322 gravius
1088 2241 1222 2320 praesto
1246 2238 1298 2302 est
1321 2237 1561 2318 argumentum,
1635 2232 1636 2257 ¹

383 2345 469 2427 quod
491 2347 682 2410 terraneolca
712 2364 778 2412 vox
801 2343 924 2413 Latina
950 2345 984 2412 in
1008 2365 1065 2412 eas
1089 2363 1173 2425 quae
1204 2363 1246 2410 ex
1268 2341 1390 2408 Latina
1422 2345 1560 2408 exortae
1635 2360 1636 2405 l

383 2455 460 2518 sunt
482 2451 613 2536 linguas
635 2451 803 2519 translato
824 2452 1001 2534 invenitur,
1024 2456 1061 2519 ut
1082 2451 1168 2518 idem
1183 2469 1301 2516 nomen
1315 2449 1350 2515 in
1364 2448 1560 2515 recentioris

383 2557 497 2623 etiam·
521 2557 595 2626 aevi
633 2557 783 2626 dialectis
825 2559 1020 2640 quibusdam
1056 2558 1274 2641 reperiamus:
1311 2555 1460 2623 orantia
1498 2575 1560 2640 pro
1635 2576 1636 2599 ¹

383 2661 556 2751 alauda34)
594 2664 681 2733 idam
715 2666 835 2734 animal
869 2666 998 2733 nomine
1031 2685 1073 2732 ex
1108 2666 1222 2733 eadem
1257 2665 1360 2749 stirpe
1395 2665 1561 2734 simillime
1635 2674 1636 2687 ¹

383 2772 533 2842 derivato
557 2775 758 2859 appellatum
780 2794 821 2841 ex
837 2773 1018 2856 Hispanico
1042 2792 1190 2840 sermone
1214 2774 1416 2858 deprompsi:
1439 2782 1559 2839 urrero

383 2879 552 2968 (terratia)
583 2918 617 2947 =
649 2882 769 2949 alauda
803 2877 966 2964 arvalisfi)
1022 2880 1285 2964 Explicationem
1321 2880 1415 2949 verbi
1452 2899 1561 2947 meam

471 3147 499 3216 1)
518 3146 555 3203 cl.
576 3146 668 3215 Stolz,
696 3147 803 3209 Histor.
829 3146 1005 3203 Grammatik
1033 3147 1060 3202 d.
1086 3146 1270 3201 lateinischan
1298 3144 1440 3216 Sprache,
1466 3145 1560 3201 vol.I

382 3238 477 3305 paral
497 3252 525 3305 p.
538 3237 600 3291 402.

471 3325 498 3393 9)
517 3325 635 3393 Legitur
654 3324 766 3393 quidem
786 3325 883 3394 glossa
903 3341 920 3378 a
936 3315 1078 3379 ¹Labbaao
1098 3325 1175 3379 adita
1204 3324 1257 3393 [ed.
1276 3324 1396 3379 Londin.
1416 3323 1561 3379 1816-26

384 3411 517 3482 Stephan.
542 3413 578 3482 X]
603 3413 764 3468 terraneola
789 3434 823 3463 =
850 3414 999 3486 κορυδαλλός
1028 3413 1106 3467 00110
1132 3413 1293 3468 testimonio
1319 3412 1432 3481 addito,
1463 3412 1515 3468 sed
1542 3429 1561 3466 a

382 3502 540 3557 recentiore
571 3518 656 3555 manu
688 3518 747 3557 eam
781 3503 915 3572 scriptam
941 3517 1004 3559 esse
1028 3502 1156 3557 Heraeus
1186 3517 1237 3571 per
1268 3502 1377 3557 litteras
1402 3501 1559 3571 Georgium

382 3589 518 3644 Thialium
537 3590 685 3646 certiorem
703 3592 779 3647 facit.

471 3680 499 3748 3)
521 3678 594 3745 „Aul
618 3679 673 3734 dan
692 3679 821 3735 Grtbern
846 3681 948 3735 zwaier
965 3680 1127 3736 Liebenden
1153 3680 1253 3750 singen
1279 3680 1348 3735 awai
1365 3680 1494 3736 Lerchen
1512 3680 1558 3735 ihr

381 3767 557 3822 Liadchen¹⁴=
586 3768 651 3824 Otto
674 3769 797 3837 Bdckel,
823 3769 1014 3841 Psycholcgia
1040 3770 1092 3824 dar
1109 3768 1353 3839 Volksdichtung,
1380 3770 1458 3839 Lips.
1476 3768 1558 3837 1906,

382 3874 411 3927 p.
430 3857 491 3913 259.

471 3946 499 4014 4)
519 3944 598 4000 Gust.
616 3946 748 4017 Korting,
766 3946 1134 4003 Latainisch-romanisches
1152 3947 1370 4013 Wdrtarbuch,¹
1388 3947 1558 4027 Paderlrorn

384 4036 452 4091 1901
471 4052 499 4104 p.
512 4035 564 4091 855
584 4052 610 4090 n.
624 4035 702 4102 9470,
722 4036 769 4103 qui
787 4052 841 4090 nos
860 4035 941 4091 reicit
960 4035 996 4089 ad
1010 4035 1145 4103 Salvioni,
1164 4035 1280 4090 Postilla
1295 4035 1410 4089 italiana
1430 4036 1458 4089 al
1469 4052 1558 4090 voca-

382 4122 492 4178 bulario
511 4123 745 4177 latino-romanzo
765 4123 1018 4193 (Sonderabdrnck
1036 4140 1087 4177 aus
1101 4123 1128 4179 d.
1140 4124 1360 4179 Denkschriiten
1380 4124 1431 4179 des
1442 4125 1557 4180 Istituto

384 4212 489 4267 storioo
508 4211 665 4281 lombardo,
684 4212 788 4267 Milano
809 4214 889 4284 1897)
908 4214 943 4270 22
961 4230 989 4283 p.
1002 4213 1054 4267 276
1073 4213 1151 4281 (ban,
1170 4213 1251 4283 leco.)
1276 4213 1451 4282 [Kortingius
1470 4213 1558 4269 habet

385 4300 500 4369 „locc.“]

472 4388 503 4459 5)
520 4389 621 4445 Nuavo
648 4389 820 4447 diceionario
846 4386 1086 4461 espadol-alaman
1112 4407 1132 4462 y
1155 4384 1396 4461 alaman-capanol
1419 4407 1474 4461 por
1491 4390 1558 4445 Tol·
1635 4421 1636 4428 κ

383 4477 499 4547 hausen,
518 4484 539 4533 t.
556 4479 570 4533 Ι
587 4496 614 4549 p.
635 4478 695 4535 704.
1635 4493 1636 4502 ¹
