<?xml version="1.0" encoding="UTF-8"?>
<!DOCTYPE html PUBLIC "-//W3C//DTD XHTML 1.0 Transitional//EN"
    "http://www.w3.org/TR/xhtml1/DTD/xhtml1-transitional.dtd">
<html xmlns="http://www.w3.org/1999/xhtml" xml:lang="en" lang="en">
 <head>
  <title>
</title>
<meta http-equiv="Content-Type" content="text/html;charset=utf-8" />
  <meta name='ocr-system' content='tesseract 3.04.00' />
  <meta name='ocr-capabilities' content='ocr_page ocr_carea ocr_par ocr_line ocrx_word'/>
</head>
<body>
  <div class='ocr_page' id='page_1' title='image "./deanimaliumnomi00ulbrgoog_0024.png"; bbox 0 0 3584 5400; ppageno 0'>
   <div class='ocr_carea' id='block_1_1' title="bbox 866 570 1087 648">
    <p class='ocr_par' dir='ltr' id='par_1_1' title="bbox 866 570 1087 648">
     <span class='ocr_line' id='line_1_1' title="bbox 866 570 1087 648; baseline -0.009 -16"><span class='ocrx_word' id='word_1_1' title='bbox 866 570 1087 648; x_wconf 73' lang='grc'>...14-</span> 
     </span>
    </p>
   </div>
   <div class='ocr_carea' id='block_1_2' title="bbox 365 772 1577 1308">
    <p class='ocr_par' dir='ltr' id='par_1_2' title="bbox 365 772 1577 1308">
     <span class='ocr_line' id='line_1_2' title="bbox 365 772 1575 865; baseline 0.001 -25"><span class='ocrx_word' id='word_1_2' title='bbox 365 853 369 859; x_wconf 22' lang='lat'><strong>¹</strong></span> <span class='ocrx_word' id='word_1_3' title='bbox 387 778 561 862; x_wconf 80' lang='grc' dir='ltr'><strong><em>παρθένος</em></strong></span> <span class='ocrx_word' id='word_1_4' title='bbox 576 772 714 864; x_wconf 79' lang='grc' dir='ltr'><em>Ῥοδόπη</em></span> <span class='ocrx_word' id='word_1_5' title='bbox 732 777 928 865; x_wconf 77' lang='grc' dir='ltr'><strong><em>Σωστράτου</em></strong></span> <span class='ocrx_word' id='word_1_6' title='bbox 944 777 1099 864; x_wconf 74' lang='grc' dir='ltr'><strong><em>θυγάτηρ</em></strong></span> <span class='ocrx_word' id='word_1_7' title='bbox 1115 776 1267 860; x_wconf 72' lang='grc' dir='ltr'><strong><em>οἰνοχόει,</em></strong></span> <span class='ocrx_word' id='word_1_8' title='bbox 1291 774 1379 862; x_wconf 61' lang='lat' dir='ltr'>cairi</span> <span class='ocrx_word' id='word_1_9' title='bbox 1393 780 1456 860; x_wconf 82' lang='grc' dir='ltr'>μὲν</span> <span class='ocrx_word' id='word_1_10' title='bbox 1471 780 1575 841; x_wconf 66' lang='lat' dir='ltr'>aava?</span> 
     </span>
     <span class='ocr_line' id='line_1_3' title="bbox 387 880 1575 971; baseline 0.002 -25"><span class='ocrx_word' id='word_1_11' title='bbox 387 887 565 970; x_wconf 77' lang='grc' dir='ltr'><strong><em>παρθένον</em></strong></span> <span class='ocrx_word' id='word_1_12' title='bbox 588 880 716 961; x_wconf 57' lang='lat' dir='ltr'>integ,</span> <span class='ocrx_word' id='word_1_13' title='bbox 748 883 832 969; x_wconf 73' lang='grc' dir='ltr'><strong><em>πρός</em></strong></span> <span class='ocrx_word' id='word_1_14' title='bbox 856 885 899 950; x_wconf 79' lang='grc' dir='ltr'>δέ</span> <span class='ocrx_word' id='word_1_15' title='bbox 927 910 964 967; x_wconf 81' lang='lat' dir='ltr'>ys</span> <span class='ocrx_word' id='word_1_16' title='bbox 985 883 1047 971; x_wconf 78' lang='grc' dir='ltr'>την</span> <span class='ocrx_word' id='word_1_17' title='bbox 1074 883 1158 970; x_wconf 68' lang='grc' dir='ltr'>ἐμήν</span> <span class='ocrx_word' id='word_1_18' title='bbox 1184 883 1315 968; x_wconf 72' lang='grc' dir='ltr'><strong><em>ἐκείνην</em></strong></span> <span class='ocrx_word' id='word_1_19' title='bbox 1344 881 1498 968; x_wconf 71' lang='grc' dir='ltr'><strong><em>Ὑσμίνην</em></strong></span> <span class='ocrx_word' id='word_1_20' title='bbox 1521 880 1575 960; x_wconf 64' lang='grc' dir='ltr'>οἷς</span> 
     </span>
     <span class='ocr_line' id='line_1_4' title="bbox 388 987 1573 1078; baseline 0.003 -25"><span class='ocrx_word' id='word_1_21' title='bbox 388 988 472 1076; x_wconf 73' lang='grc' dir='ltr'>πρός</span> <span class='ocrx_word' id='word_1_22' title='bbox 502 987 694 1078; x_wconf 79' lang='grc' dir='ltr'><strong><em>Ἀφροδίτην</em></strong></span> <span class='ocrx_word' id='word_1_23' title='bbox 724 992 824 1076; x_wconf 66' lang='lat' dir='ltr'>praui,</span> <span class='ocrx_word' id='word_1_24' title='bbox 857 1044 864 1058; x_wconf 90' lang='lat'><strong>.</strong></span> <span class='ocrx_word' id='word_1_25' title='bbox 891 1000 923 1058; x_wconf 88' lang='lat'>.“</span> <span class='ocrx_word' id='word_1_26' title='bbox 988 993 1129 1059; x_wconf 79' lang='lat' dir='ltr'>thmei</span> <span class='ocrx_word' id='word_1_27' title='bbox 1159 990 1397 1059; x_wconf 77' lang='lat' dir='ltr'>Oneirocritica</span> <span class='ocrx_word' id='word_1_28' title='bbox 1429 1011 1455 1057; x_wconf 80' lang='lat' dir='ltr'>c.</span> <span class='ocrx_word' id='word_1_29' title='bbox 1480 987 1573 1057; x_wconf 84' lang='lat'><strong>135:</strong></span> 
     </span>
     <span class='ocr_line' id='line_1_5' title="bbox 388 1093 1577 1194; baseline 0 -33"><span class='ocrx_word' id='word_1_30' title='bbox 388 1102 536 1182; x_wconf 75' lang='grc' dir='ltr'><strong><em>πίθηκον</em></strong></span> <span class='ocrx_word' id='word_1_31' title='bbox 567 1093 639 1183; x_wconf 79' lang='grc' dir='ltr'><strong><em>ἤτοι</em></strong></span> <span class='ocrx_word' id='word_1_32' title='bbox 669 1099 778 1184; x_wconf 74' lang='grc' dir='ltr'><em>μιμώ,·</em></span> <span class='ocrx_word' id='word_1_33' title='bbox 815 1097 882 1166; x_wconf 79' lang='grc'>282</span> <span class='ocrx_word' id='word_1_34' title='bbox 913 1095 989 1164; x_wconf 79' lang='grc' dir='ltr'>Ἐάν</span> <span class='ocrx_word' id='word_1_35' title='bbox 1020 1123 1069 1174; x_wconf 89' lang='grc' dir='ltr'>τις</span> <span class='ocrx_word' id='word_1_36' title='bbox 1103 1098 1156 1194; x_wconf 72' lang='grc' dir='ltr'>ἴδη</span> <span class='ocrx_word' id='word_1_37' title='bbox 1194 1093 1246 1162; x_wconf 73' lang='grc' dir='ltr'>ὅτι</span> <span class='ocrx_word' id='word_1_38' title='bbox 1280 1097 1435 1182; x_wconf 74' lang='grc' dir='ltr'><strong><em>ἐπολέμει</em></strong></span> <span class='ocrx_word' id='word_1_39' title='bbox 1468 1113 1577 1182; x_wconf 79' lang='grc' dir='ltr'><strong><em>μιμοῐ</em></strong></span> 
     </span>
     <span class='ocr_line' id='line_1_6' title="bbox 386 1205 1098 1308; baseline 0.007 -42"><span class='ocrx_word' id='word_1_40' title='bbox 386 1207 491 1308; x_wconf 73' lang='grc' dir='ltr'><strong><em>οἰκοίη</em></strong></span> <span class='ocrx_word' id='word_1_41' title='bbox 509 1255 515 1269; x_wconf 95' lang='grc'>.</span> <span class='ocrx_word' id='word_1_42' title='bbox 535 1256 541 1269; x_wconf 94' lang='grc'><strong>.</strong></span> <span class='ocrx_word' id='word_1_43' title='bbox 551 1233 562 1284; x_wconf 91' lang='lat'><em>;</em></span> <span class='ocrx_word' id='word_1_44' title='bbox 587 1225 626 1272; x_wconf 93' lang='lat' dir='ltr'>ac</span> <span class='ocrx_word' id='word_1_45' title='bbox 648 1206 772 1289; x_wconf 90' lang='lat' dir='ltr'>passim</span> <span class='ocrx_word' id='word_1_46' title='bbox 794 1209 864 1273; x_wconf 85' lang='lat' dir='ltr'>toto</span> <span class='ocrx_word' id='word_1_47' title='bbox 888 1205 953 1274; x_wconf 93' lang='lat' dir='ltr'>isto</span> <span class='ocrx_word' id='word_1_48' title='bbox 978 1205 1098 1289; x_wconf 89' lang='lat' dir='ltr'>capite.</span> 
     </span>
    </p>
   </div>
   <div class='ocr_carea' id='block_1_3' title="bbox 385 1357 1576 1862">
    <p class='ocr_par' dir='ltr' id='par_1_3' title="bbox 385 1357 1576 1862">
     <span class='ocr_line' id='line_1_7' title="bbox 476 1357 1576 1441; baseline 0 -18"><span class='ocrx_word' id='word_1_49' title='bbox 476 1357 589 1440; x_wconf 81' lang='lat' dir='ltr'>Neque</span> <span class='ocrx_word' id='word_1_50' title='bbox 605 1361 717 1425; x_wconf 86' lang='lat' dir='ltr'>tamen</span> <span class='ocrx_word' id='word_1_51' title='bbox 731 1358 909 1428; x_wconf 83' lang='lat' dir='ltr'>verisimile</span> <span class='ocrx_word' id='word_1_52' title='bbox 932 1362 985 1425; x_wconf 89' lang='lat' dir='ltr'>est</span> <span class='ocrx_word' id='word_1_53' title='bbox 999 1359 1060 1426; x_wconf 94' lang='lat' dir='ltr'>hos</span> <span class='ocrx_word' id='word_1_54' title='bbox 1076 1357 1254 1441; x_wconf 89' lang='lat' dir='ltr'>scriptores</span> <span class='ocrx_word' id='word_1_55' title='bbox 1271 1377 1291 1424; x_wconf 93' lang='lat' dir='ltr'>a</span> <span class='ocrx_word' id='word_1_56' title='bbox 1306 1357 1427 1424; x_wconf 92' lang='lat' dir='ltr'>Babrio</span> <span class='ocrx_word' id='word_1_57' title='bbox 1451 1377 1576 1426; x_wconf 90' lang='lat' dir='ltr'>vocem</span> 
     </span>
     <span class='ocr_line' id='line_1_8' title="bbox 385 1463 1571 1549; baseline 0.001 -18"><span class='ocrx_word' id='word_1_58' title='bbox 385 1464 545 1533; x_wconf 80' lang='lat' dir='ltr'><strong>hausisse.</strong></span> <span class='ocrx_word' id='word_1_59' title='bbox 576 1467 778 1534; x_wconf 83' lang='lat' dir='ltr'><strong>Vocabulum</strong></span> <span class='ocrx_word' id='word_1_60' title='bbox 801 1465 911 1533; x_wconf 90' lang='lat' dir='ltr'>nescio</span> <span class='ocrx_word' id='word_1_61' title='bbox 935 1484 978 1532; x_wconf 88' lang='lat' dir='ltr'>an</span> <span class='ocrx_word' id='word_1_62' title='bbox 1000 1465 1036 1530; x_wconf 88' lang='lat' dir='ltr'>in</span> <span class='ocrx_word' id='word_1_63' title='bbox 1057 1464 1191 1549; x_wconf 80' lang='lat' dir='ltr'>linguae</span> <span class='ocrx_word' id='word_1_64' title='bbox 1214 1463 1404 1548; x_wconf 77' lang='lat' dir='ltr'>regionibus</span> <span class='ocrx_word' id='word_1_65' title='bbox 1426 1465 1571 1532; x_wconf 89' lang='lat' dir='ltr'>occultis</span> 
     </span>
     <span class='ocr_line' id='line_1_9' title="bbox 386 1571 1573 1657; baseline -0.003 -16"><span class='ocrx_word' id='word_1_66' title='bbox 386 1573 440 1641; x_wconf 86' lang='lat' dir='ltr'>vel</span> <span class='ocrx_word' id='word_1_67' title='bbox 463 1573 594 1657; x_wconf 90' lang='lat' dir='ltr'>penitus</span> <span class='ocrx_word' id='word_1_68' title='bbox 626 1572 747 1640; x_wconf 91' lang='lat' dir='ltr'>abditis</span> <span class='ocrx_word' id='word_1_69' title='bbox 778 1573 982 1656; x_wconf 88' lang='lat' dir='ltr'>permultos</span> <span class='ocrx_word' id='word_1_70' title='bbox 1015 1590 1124 1638; x_wconf 85' lang='lat' dir='ltr'>annos</span> <span class='ocrx_word' id='word_1_71' title='bbox 1142 1571 1349 1653; x_wconf 89' lang='lat' dir='ltr'>delitescens,</span> <span class='ocrx_word' id='word_1_72' title='bbox 1381 1591 1453 1638; x_wconf 92' lang='lat' dir='ltr'>cnm</span> <span class='ocrx_word' id='word_1_73' title='bbox 1475 1572 1573 1654; x_wconf 89' lang='lat' dir='ltr'>plebi</span> 
     </span>
     <span class='ocr_line' id='line_1_10' title="bbox 386 1678 1570 1764; baseline -0.002 -18"><span class='ocrx_word' id='word_1_74' title='bbox 386 1683 497 1748; x_wconf 90' lang='lat' dir='ltr'>notum</span> <span class='ocrx_word' id='word_1_75' title='bbox 520 1679 630 1764; x_wconf 87' lang='lat' dir='ltr'>fuerit,</span> <span class='ocrx_word' id='word_1_76' title='bbox 654 1701 674 1747; x_wconf 93' lang='lat' dir='ltr'>a</span> <span class='ocrx_word' id='word_1_77' title='bbox 697 1680 912 1764; x_wconf 79' lang='lat' dir='ltr'>scriptoribus</span> <span class='ocrx_word' id='word_1_78' title='bbox 927 1678 1119 1762; x_wconf 88' lang='lat' dir='ltr'>posterioris</span> <span class='ocrx_word' id='word_1_79' title='bbox 1136 1678 1262 1745; x_wconf 93' lang='lat' dir='ltr'>demum</span> <span class='ocrx_word' id='word_1_80' title='bbox 1279 1678 1401 1745; x_wconf 91' lang='lat' dir='ltr'>aetatis</span> <span class='ocrx_word' id='word_1_81' title='bbox 1418 1698 1570 1761; x_wconf 89' lang='lat' dir='ltr'>assump-</span> 
     </span>
     <span class='ocr_line' id='line_1_11' title="bbox 385 1787 533 1862; baseline 0.007 -9"><span class='ocrx_word' id='word_1_82' title='bbox 385 1791 456 1859; x_wconf 89' lang='lat' dir='ltr'>tum</span> <span class='ocrx_word' id='word_1_83' title='bbox 466 1854 469 1862; x_wconf 81' lang='grc'>,</span> <span class='ocrx_word' id='word_1_84' title='bbox 481 1787 533 1855; x_wconf 89' lang='lat' dir='ltr'>sit.</span> 
     </span>
    </p>
   </div>
   <div class='ocr_carea' id='block_1_4' title="bbox 383 1929 1636 2873">
    <p class='ocr_par' dir='ltr' id='par_1_4' title="bbox 383 1929 1636 2873">
     <span class='ocr_line' id='line_1_12' title="bbox 475 1929 1569 2014; baseline -0.002 -14"><span class='ocrx_word' id='word_1_85' title='bbox 475 1930 633 2014; x_wconf 77' lang='lat' dir='ltr'>Quaesivi</span> <span class='ocrx_word' id='word_1_86' title='bbox 671 1949 781 2013; x_wconf 89' lang='lat' dir='ltr'>supra,</span> <span class='ocrx_word' id='word_1_87' title='bbox 822 1948 880 1997; x_wconf 89' lang='lat' dir='ltr'>cur</span> <span class='ocrx_word' id='word_1_88' title='bbox 914 1929 1069 1996; x_wconf 86' lang='lat' dir='ltr'>feminine</span> <span class='ocrx_word' id='word_1_89' title='bbox 1100 1931 1258 2004; x_wconf 72' lang='lat' dir='ltr'>denotent</span> <span class='ocrx_word' id='word_1_90' title='bbox 1286 1930 1403 2012; x_wconf 83' lang='lat' dir='ltr'>vulpes</span> <span class='ocrx_word' id='word_1_91' title='bbox 1433 1929 1569 1998; x_wconf 83' lang='lat' dir='ltr'>Graeci</span> 
     </span>
     <span class='ocr_line' id='line_1_13' title="bbox 385 2036 1568 2120; baseline 0 -18"><span class='ocrx_word' id='word_1_92' title='bbox 385 2036 425 2102; x_wconf 91' lang='lat' dir='ltr'>In</span> <span class='ocrx_word' id='word_1_93' title='bbox 447 2036 536 2120; x_wconf 81' lang='grc' dir='ltr'><em>μιμώ</em></span> <span class='ocrx_word' id='word_1_94' title='bbox 560 2037 719 2105; x_wconf 86' lang='lat' dir='ltr'>vocabulo</span> <span class='ocrx_word' id='word_1_95' title='bbox 750 2036 847 2119; x_wconf 90' lang='lat' dir='ltr'>paulo</span> <span class='ocrx_word' id='word_1_96' title='bbox 880 2036 978 2102; x_wconf 88' lang='lat' dir='ltr'>aliter</span> <span class='ocrx_word' id='word_1_97' title='bbox 998 2056 1068 2102; x_wconf 91' lang='lat' dir='ltr'>rem</span> <span class='ocrx_word' id='word_1_98' title='bbox 1099 2055 1136 2103; x_wconf 89' lang='lat' dir='ltr'>se</span> <span class='ocrx_word' id='word_1_99' title='bbox 1165 2037 1288 2102; x_wconf 89' lang='lat' dir='ltr'>habere</span> <span class='ocrx_word' id='word_1_100' title='bbox 1312 2041 1459 2119; x_wconf 75' lang='lat' dir='ltr'>apparet,</span> <span class='ocrx_word' id='word_1_101' title='bbox 1489 2056 1568 2104; x_wconf 90' lang='lat' dir='ltr'>cum</span> 
     </span>
     <span class='ocr_line' id='line_1_14' title="bbox 385 2141 1577 2238; baseline 0.002 -28"><span class='ocrx_word' id='word_1_102' title='bbox 385 2146 419 2210; x_wconf 90' lang='lat' dir='ltr'>et</span> <span class='ocrx_word' id='word_1_103' title='bbox 443 2148 588 2229; x_wconf 70' lang='grc' dir='ltr'><strong><em>πίθηκος</em></strong></span> <span class='ocrx_word' id='word_1_104' title='bbox 610 2163 670 2227; x_wconf 91' lang='lat' dir='ltr'>per</span> <span class='ocrx_word' id='word_1_105' title='bbox 691 2143 780 2238; x_wconf 71' lang='grc' dir='ltr'><strong><em>μομώ</em></strong></span> <span class='ocrx_word' id='word_1_106' title='bbox 803 2143 967 2210; x_wconf 92' lang='lat' dir='ltr'>redditum</span> <span class='ocrx_word' id='word_1_107' title='bbox 989 2162 1055 2209; x_wconf 86' lang='lat' dir='ltr'>non</span> <span class='ocrx_word' id='word_1_108' title='bbox 1070 2143 1115 2209; x_wconf 90' lang='lat' dir='ltr'>sit</span> <span class='ocrx_word' id='word_1_109' title='bbox 1130 2143 1321 2210; x_wconf 83' lang='lat' dir='ltr'>femininum</span> <span class='ocrx_word' id='word_1_110' title='bbox 1340 2147 1375 2208; x_wconf 91' lang='lat' dir='ltr'>et</span> <span class='ocrx_word' id='word_1_111' title='bbox 1389 2143 1425 2208; x_wconf 92' lang='lat' dir='ltr'>in</span> <span class='ocrx_word' id='word_1_112' title='bbox 1438 2141 1577 2212; x_wconf 88' lang='lat' dir='ltr'>fabulis·</span> 
     </span>
     <span class='ocr_line' id='line_1_15' title="bbox 385 2250 1566 2334; baseline 0.002 -18"><span class='ocrx_word' id='word_1_113' title='bbox 385 2269 492 2317; x_wconf 90' lang='lat' dir='ltr'>mares</span> <span class='ocrx_word' id='word_1_114' title='bbox 523 2250 655 2334; x_wconf 90' lang='lat' dir='ltr'>saepius</span> <span class='ocrx_word' id='word_1_115' title='bbox 686 2270 783 2333; x_wconf 88' lang='lat' dir='ltr'>quam</span> <span class='ocrx_word' id='word_1_116' title='bbox 813 2250 976 2317; x_wconf 79' lang='lat' dir='ltr'>femineae</span> <span class='ocrx_word' id='word_1_117' title='bbox 1005 2250 1212 2319; x_wconf 80' lang='lat' dir='ltr'>inducantur.</span> <span class='ocrx_word' id='word_1_118' title='bbox 1259 2250 1324 2317; x_wconf 85' lang='lat' dir='ltr'>Sed</span> <span class='ocrx_word' id='word_1_119' title='bbox 1354 2251 1469 2318; x_wconf 89' lang='lat' dir='ltr'>fabula</span> <span class='ocrx_word' id='word_1_120' title='bbox 1494 2251 1566 2333; x_wconf 89' lang='lat' dir='ltr'>illa,</span> 
     </span>
     <span class='ocr_line' id='line_1_16' title="bbox 385 2356 1636 2440; baseline -0.004 -16"><span class='ocrx_word' id='word_1_121' title='bbox 385 2377 450 2440; x_wconf 85' lang='lat' dir='ltr'>qua</span> <span class='ocrx_word' id='word_1_122' title='bbox 465 2357 560 2424; x_wconf 93' lang='lat' dir='ltr'>simia</span> <span class='ocrx_word' id='word_1_123' title='bbox 574 2360 682 2429; x_wconf 91' lang='lat' dir='ltr'>mater</span> <span class='ocrx_word' id='word_1_124' title='bbox 696 2357 796 2424; x_wconf 93' lang='lat' dir='ltr'>filium</span> <span class='ocrx_word' id='word_1_125' title='bbox 812 2358 1064 2440; x_wconf 82' lang='lat' dir='ltr'>pulcherrimum</span> <span class='ocrx_word' id='word_1_126' title='bbox 1079 2357 1256 2439; x_wconf 86' lang='lat' dir='ltr'>existimat,</span> <span class='ocrx_word' id='word_1_127' title='bbox 1272 2357 1391 2424; x_wconf 91' lang='lat' dir='ltr'>cumin</span> <span class='ocrx_word' id='word_1_128' title='bbox 1403 2356 1566 2425; x_wconf 90' lang='lat' dir='ltr'>femineos</span> <span class='ocrx_word' id='word_1_129' title='bbox 1634 2402 1636 2419; x_wconf 92' lang='grc'>.</span> 
     </span>
     <span class='ocr_line' id='line_1_17' title="bbox 384 2463 1636 2549; baseline -0.001 -18"><span class='ocrx_word' id='word_1_130' title='bbox 384 2465 559 2549; x_wconf 90' lang='lat' dir='ltr'>praecipue</span> <span class='ocrx_word' id='word_1_131' title='bbox 583 2465 707 2532; x_wconf 91' lang='lat' dir='ltr'>animos</span> <span class='ocrx_word' id='word_1_132' title='bbox 730 2465 914 2547; x_wconf 87' lang='lat' dir='ltr'>conveniat,</span> <span class='ocrx_word' id='word_1_133' title='bbox 937 2465 1026 2531; x_wconf 93' lang='lat' dir='ltr'>haud</span> <span class='ocrx_word' id='word_1_134' title='bbox 1049 2464 1116 2530; x_wconf 92' lang='lat' dir='ltr'>scio</span> <span class='ocrx_word' id='word_1_135' title='bbox 1133 2484 1174 2531; x_wconf 91' lang='lat' dir='ltr'>an</span> <span class='ocrx_word' id='word_1_136' title='bbox 1191 2465 1245 2530; x_wconf 91' lang='lat' dir='ltr'>hic</span> <span class='ocrx_word' id='word_1_137' title='bbox 1260 2463 1440 2546; x_wconf 80' lang='lat' dir='ltr'>subfuerit3</span> <span class='ocrx_word' id='word_1_138' title='bbox 1464 2483 1564 2548; x_wconf 91' lang='lat' dir='ltr'>argu·</span> <span class='ocrx_word' id='word_1_139' title='bbox 1634 2486 1636 2509; x_wconf 89' lang='lat'><em>·</em></span> 
     </span>
     <span class='ocr_line' id='line_1_18' title="bbox 384 2570 1636 2656; baseline 0 -18"><span class='ocrx_word' id='word_1_140' title='bbox 384 2574 527 2638; x_wconf 89' lang='lat' dir='ltr'>mentum</span> <span class='ocrx_word' id='word_1_141' title='bbox 551 2573 680 2656; x_wconf 87' lang='lat' dir='ltr'>quidem</span> <span class='ocrx_word' id='word_1_142' title='bbox 702 2570 835 2639; x_wconf 89' lang='lat' dir='ltr'>fabulae</span> <span class='ocrx_word' id='word_1_143' title='bbox 857 2572 946 2640; x_wconf 92' lang='lat' dir='ltr'>illius</span> <span class='ocrx_word' id='word_1_144' title='bbox 963 2571 1128 2639; x_wconf 87' lang='lat' dir='ltr'>simiarum</span> <span class='ocrx_word' id='word_1_145' title='bbox 1152 2570 1376 2656; x_wconf 82' lang='lat' dir='ltr'>arrogantiam</span> <span class='ocrx_word' id='word_1_146' title='bbox 1399 2589 1473 2637; x_wconf 88' lang='lat' dir='ltr'>cum</span> <span class='ocrx_word' id='word_1_147' title='bbox 1494 2589 1562 2638; x_wconf 94' lang='lat' dir='ltr'>om·</span> <span class='ocrx_word' id='word_1_148' title='bbox 1634 2572 1636 2603; x_wconf 81' lang='lat'>&#39;</span> 
     </span>
     <span class='ocr_line' id='line_1_19' title="bbox 383 2677 1557 2775; baseline -0.003 -28"><span class='ocrx_word' id='word_1_149' title='bbox 383 2679 571 2747; x_wconf 83' lang='lat' dir='ltr'>niumtum</span> <span class='ocrx_word' id='word_1_150' title='bbox 601 2679 817 2747; x_wconf 82' lang='lat' dir='ltr'>femineorum</span> <span class='ocrx_word' id='word_1_151' title='bbox 845 2679 1014 2747; x_wconf 87' lang='lat' dir='ltr'>illudentis</span> <span class='ocrx_word' id='word_1_152' title='bbox 1041 2678 1300 2747; x_wconf 87' lang='lat' dir='ltr'>vetustissimum</span> <span class='ocrx_word' id='word_1_153' title='bbox 1331 2677 1465 2775; x_wconf 81' lang='lat' dir='ltr'>uidetur</span> <span class='ocrx_word' id='word_1_154' title='bbox 1504 2677 1557 2765; x_wconf 86' lang='lat' dir='ltr'>(cf.</span> 
     </span>
     <span class='ocr_line' id='line_1_20' title="bbox 387 2784 1300 2873; baseline -0.003 -18"><span class='ocrx_word' id='word_1_155' title='bbox 387 2788 577 2855; x_wconf 82' lang='lat' dir='ltr'>Semonides</span> <span class='ocrx_word' id='word_1_156' title='bbox 600 2788 732 2873; x_wconf 86' lang='lat' dir='ltr'>Amorg.</span> <span class='ocrx_word' id='word_1_157' title='bbox 754 2810 800 2849; x_wconf 74' lang='grc' dir='ltr'>τ.</span> <span class='ocrx_word' id='word_1_158' title='bbox 822 2787 935 2872; x_wconf 83' lang='lat' dir='ltr'>Bergk</span> <span class='ocrx_word' id='word_1_159' title='bbox 965 2787 1001 2853; x_wconf 93' lang='lat' dir='ltr'>P.</span> <span class='ocrx_word' id='word_1_160' title='bbox 1023 2786 1061 2853; x_wconf 86' lang='lat' dir='ltr'>L.</span> <span class='ocrx_word' id='word_1_161' title='bbox 1085 2786 1124 2853; x_wconf 82' lang='lat' dir='ltr'>G.</span> <span class='ocrx_word' id='word_1_162' title='bbox 1155 2807 1186 2869; x_wconf 91' lang='lat' dir='ltr'>p.</span> <span class='ocrx_word' id='word_1_163' title='bbox 1209 2784 1300 2871; x_wconf 83' lang='lat'><strong>742).</strong></span> 
     </span>
    </p>
   </div>
   <div class='ocr_carea' id='block_1_5' title="bbox 315 2936 1563 4515">
    <p class='ocr_par' dir='ltr' id='par_1_5' title="bbox 315 2936 1563 4515">
     <span class='ocr_line' id='line_1_21' title="bbox 472 2936 1560 3021; baseline -0.002 -15"><span class='ocrx_word' id='word_1_164' title='bbox 472 2938 567 3006; x_wconf 87' lang='lat' dir='ltr'>Addo</span> <span class='ocrx_word' id='word_1_165' title='bbox 590 2938 741 3015; x_wconf 77' lang='grc' dir='ltr'><strong><em>καλλίος,</em></strong></span> <span class='ocrx_word' id='word_1_166' title='bbox 773 2937 858 3021; x_wconf 90' lang='lat' dir='ltr'>qnod</span> <span class='ocrx_word' id='word_1_167' title='bbox 886 2941 1011 3005; x_wconf 88' lang='lat' dir='ltr'>certam</span> <span class='ocrx_word' id='word_1_168' title='bbox 1034 2938 1074 3004; x_wconf 90' lang='lat' dir='ltr'>de</span> <span class='ocrx_word' id='word_1_169' title='bbox 1097 2938 1193 3004; x_wconf 92' lang='lat' dir='ltr'>simia</span> <span class='ocrx_word' id='word_1_170' title='bbox 1215 2938 1413 3005; x_wconf 88' lang='lat' dir='ltr'>senteutiam</span> <span class='ocrx_word' id='word_1_171' title='bbox 1436 2936 1560 3004; x_wconf 86' lang='lat' dir='ltr'>fabulis</span> 
     </span>
     <span class='ocr_line' id='line_1_22' title="bbox 383 3037 1563 3131; baseline -0.002 -19"><span class='ocrx_word' id='word_1_172' title='bbox 383 3046 612 3131; x_wconf 85' lang='lat' dir='ltr'>pervulgatam</span> <span class='ocrx_word' id='word_1_173' title='bbox 651 3065 784 3114; x_wconf 91' lang='lat' dir='ltr'>causam</span> <span class='ocrx_word' id='word_1_174' title='bbox 818 3045 922 3114; x_wconf 89' lang='lat' dir='ltr'>fuisse</span> <span class='ocrx_word' id='word_1_175' title='bbox 952 3043 1161 3112; x_wconf 86' lang='lat' dir='ltr'>manifestum</span> <span class='ocrx_word' id='word_1_176' title='bbox 1193 3048 1254 3126; x_wconf 87' lang='lat' dir='ltr'>est,</span> <span class='ocrx_word' id='word_1_177' title='bbox 1292 3049 1329 3111; x_wconf 89' lang='lat' dir='ltr'>ut</span> <span class='ocrx_word' id='word_1_178' title='bbox 1360 3037 1482 3111; x_wconf 87' lang='lat' dir='ltr'>animal</span> <span class='ocrx_word' id='word_1_179' title='bbox 1512 3044 1563 3110; x_wconf 87' lang='lat' dir='ltr'>ita</span> 
     </span>
     <span class='ocr_line' id='line_1_23' title="bbox 383 3150 1562 3238; baseline -0.004 -17"><span class='ocrx_word' id='word_1_180' title='bbox 383 3153 597 3236; x_wconf 82' lang='lat' dir='ltr'>vocitaretur3</span> <span class='ocrx_word' id='word_1_181' title='bbox 614 3156 647 3220; x_wconf 92' lang='lat' dir='ltr'>et</span> <span class='ocrx_word' id='word_1_182' title='bbox 664 3152 784 3237; x_wconf 91' lang='lat' dir='ltr'>optime</span> <span class='ocrx_word' id='word_1_183' title='bbox 800 3172 918 3220; x_wconf 88' lang='lat' dir='ltr'>nomen</span> <span class='ocrx_word' id='word_1_184' title='bbox 934 3172 976 3219; x_wconf 88' lang='lat' dir='ltr'>ex</span> <span class='ocrx_word' id='word_1_185' title='bbox 990 3152 1107 3219; x_wconf 89' lang='lat' dir='ltr'>fabula</span> <span class='ocrx_word' id='word_1_186' title='bbox 1121 3152 1291 3219; x_wconf 91' lang='lat' dir='ltr'>Babriaua</span> <span class='ocrx_word' id='word_1_187' title='bbox 1307 3150 1379 3238; x_wconf 84' lang='lat'>(56)</span> <span class='ocrx_word' id='word_1_188' title='bbox 1396 3151 1562 3219; x_wconf 89' lang='lat' dir='ltr'>declarari</span> 
     </span>
     <span class='ocr_line' id='line_1_24' title="bbox 383 3257 1561 3343; baseline -0.003 -17"><span class='ocrx_word' id='word_1_189' title='bbox 383 3279 480 3343; x_wconf 91' lang='lat' dir='ltr'>posse</span> <span class='ocrx_word' id='word_1_190' title='bbox 514 3260 661 3341; x_wconf 87' lang='lat' dir='ltr'>videtur,</span> <span class='ocrx_word' id='word_1_191' title='bbox 699 3260 754 3326; x_wconf 92' lang='lat' dir='ltr'>ubi</span> <span class='ocrx_word' id='word_1_192' title='bbox 781 3278 878 3342; x_wconf 89' lang='lat' dir='ltr'>quam</span> <span class='ocrx_word' id='word_1_193' title='bbox 918 3279 1008 3327; x_wconf 82' lang='lat' dir='ltr'>rana</span> <span class='ocrx_word' id='word_1_194' title='bbox 1038 3261 1078 3326; x_wconf 99' lang='lat' dir='ltr'>de</span> <span class='ocrx_word' id='word_1_195' title='bbox 1109 3278 1231 3343; x_wconf 87' lang='lat' dir='ltr'>genere</span> <span class='ocrx_word' id='word_1_196' title='bbox 1273 3277 1332 3325; x_wconf 92' lang='lat' dir='ltr'>suo</span> <span class='ocrx_word' id='word_1_197' title='bbox 1363 3257 1470 3342; x_wconf 91' lang='lat' dir='ltr'>opinio</span> <span class='ocrx_word' id='word_1_198' title='bbox 1514 3257 1561 3325; x_wconf 92' lang='lat' dir='ltr'>sit</span> 
     </span>
     <span class='ocr_line' id='line_1_25' title="bbox 383 3365 1561 3449; baseline -0.003 -15"><span class='ocrx_word' id='word_1_199' title='bbox 383 3365 500 3434; x_wconf 89' lang='lat' dir='ltr'>simiae</span> <span class='ocrx_word' id='word_1_200' title='bbox 514 3366 652 3433; x_wconf 91' lang='lat' dir='ltr'>formam</span> <span class='ocrx_word' id='word_1_201' title='bbox 668 3365 811 3449; x_wconf 86' lang='lat' dir='ltr'>corporis</span> <span class='ocrx_word' id='word_1_202' title='bbox 827 3366 1077 3449; x_wconf 74' lang='lat' dir='ltr'>pulcherrimam</span> <span class='ocrx_word' id='word_1_203' title='bbox 1091 3365 1249 3432; x_wconf 90' lang='lat' dir='ltr'>iactantis</span> <span class='ocrx_word' id='word_1_204' title='bbox 1265 3368 1429 3431; x_wconf 88' lang='lat' dir='ltr'>narratur.</span> <span class='ocrx_word' id='word_1_205' title='bbox 1451 3365 1561 3448; x_wconf 87' lang='lat' dir='ltr'>Argu·</span> 
     </span>
     <span class='ocr_line' id='line_1_26' title="bbox 383 3471 1561 3556; baseline -0.003 -17"><span class='ocrx_word' id='word_1_206' title='bbox 383 3477 526 3540; x_wconf 90' lang='lat' dir='ltr'>mentum</span> <span class='ocrx_word' id='word_1_207' title='bbox 549 3473 696 3542; x_wconf 85' lang='lat' dir='ltr'>breviter</span> <span class='ocrx_word' id='word_1_208' title='bbox 718 3474 922 3556; x_wconf 85' lang='lat' dir='ltr'>repetamus:</span> <span class='ocrx_word' id='word_1_209' title='bbox 952 3471 1202 3555; x_wconf 83' lang='lat' dir='ltr'>„Fecunditatis</span> <span class='ocrx_word' id='word_1_210' title='bbox 1224 3471 1371 3554; x_wconf 89' lang='lat' dir='ltr'>praemia</span> <span class='ocrx_word' id='word_1_211' title='bbox 1384 3474 1561 3554; x_wconf 85' lang='lat' dir='ltr'>postquam</span> 
     </span>
     <span class='ocr_line' id='line_1_27' title="bbox 382 3575 1561 3664; baseline -0.003 -16"><span class='ocrx_word' id='word_1_212' title='bbox 382 3581 537 3664; x_wconf 87' lang='lat' dir='ltr'>Juppiter</span> <span class='ocrx_word' id='word_1_213' title='bbox 566 3580 693 3648; x_wconf 86' lang='lat' dir='ltr'>cunctis</span> <span class='ocrx_word' id='word_1_214' title='bbox 717 3578 938 3646; x_wconf 87' lang='lat' dir='ltr'>animantibus</span> <span class='ocrx_word' id='word_1_215' title='bbox 960 3578 1139 3663; x_wconf 85' lang='lat' dir='ltr'>proposuit,</span> <span class='ocrx_word' id='word_1_216' title='bbox 1168 3581 1302 3661; x_wconf 88' lang='lat' dir='ltr'>praeter</span> <span class='ocrx_word' id='word_1_217' title='bbox 1325 3577 1408 3644; x_wconf 88' lang='lat' dir='ltr'>alias</span> <span class='ocrx_word' id='word_1_218' title='bbox 1431 3575 1561 3644; x_wconf 89' lang='lat' dir='ltr'>bestias</span> 
     </span>
     <span class='ocr_line' id='line_1_28' title="bbox 383 3684 1562 3770; baseline -0.006 -15"><span class='ocrx_word' id='word_1_219' title='bbox 383 3687 477 3755; x_wconf 91' lang='lat' dir='ltr'>simia</span> <span class='ocrx_word' id='word_1_220' title='bbox 501 3706 627 3770; x_wconf 84' lang='lat' dir='ltr'>quoque</span> <span class='ocrx_word' id='word_1_221' title='bbox 648 3687 805 3770; x_wconf 90' lang='lat' dir='ltr'>pulchrae</span> <span class='ocrx_word' id='word_1_222' title='bbox 828 3685 955 3752; x_wconf 91' lang='lat' dir='ltr'>scilicet</span> <span class='ocrx_word' id='word_1_223' title='bbox 976 3686 1078 3769; x_wconf 89' lang='lat' dir='ltr'>prohs</span> <span class='ocrx_word' id='word_1_224' title='bbox 1101 3688 1207 3751; x_wconf 89' lang='lat' dir='ltr'>mater</span> <span class='ocrx_word' id='word_1_225' title='bbox 1230 3684 1374 3765; x_wconf 88' lang='lat' dir='ltr'>advenit,</span> <span class='ocrx_word' id='word_1_226' title='bbox 1397 3684 1562 3751; x_wconf 89' lang='lat' dir='ltr'>simiolum</span> 
     </span>
     <span class='ocr_line' id='line_1_29' title="bbox 382 3790 1561 3876; baseline -0.002 -17"><span class='ocrx_word' id='word_1_227' title='bbox 382 3793 605 3876; x_wconf 90' lang='lat' dir='ltr'>turpissimum</span> <span class='ocrx_word' id='word_1_228' title='bbox 635 3810 744 3860; x_wconf 89' lang='lat' dir='ltr'>secum</span> <span class='ocrx_word' id='word_1_229' title='bbox 775 3811 913 3875; x_wconf 82' lang='lat' dir='ltr'>gerens3</span> <span class='ocrx_word' id='word_1_230' title='bbox 943 3794 977 3858; x_wconf 90' lang='lat' dir='ltr'>et</span> <span class='ocrx_word' id='word_1_231' title='bbox 1000 3792 1049 3859; x_wconf 91' lang='lat' dir='ltr'>sic</span> <span class='ocrx_word' id='word_1_232' title='bbox 1078 3811 1119 3858; x_wconf 93' lang='lat' dir='ltr'>ea</span> <span class='ocrx_word' id='word_1_233' title='bbox 1148 3792 1260 3858; x_wconf 89' lang='lat' dir='ltr'>locuta</span> <span class='ocrx_word' id='word_1_234' title='bbox 1283 3795 1351 3858; x_wconf 92' lang='lat' dir='ltr'>est:</span> <span class='ocrx_word' id='word_1_235' title='bbox 1403 3790 1561 3874; x_wconf 77' lang='lat' dir='ltr'>luppiter</span> 
     </span>
     <span class='ocr_line' id='line_1_30' title="bbox 383 3898 1559 3981; baseline -0.003 -16"><span class='ocrx_word' id='word_1_236' title='bbox 383 3899 512 3981; x_wconf 84' lang='lat' dir='ltr'>quidem</span> <span class='ocrx_word' id='word_1_237' title='bbox 534 3900 625 3969; x_wconf 86' lang='lat' dir='ltr'>novit</span> <span class='ocrx_word' id='word_1_238' title='bbox 650 3899 741 3966; x_wconf 89' lang='lat' dir='ltr'>cuius</span> <span class='ocrx_word' id='word_1_239' title='bbox 763 3898 904 3966; x_wconf 84' lang='lat' dir='ltr'>victoria</span> <span class='ocrx_word' id='word_1_240' title='bbox 927 3899 988 3980; x_wconf 92' lang='lat' dir='ltr'>sit;</span> <span class='ocrx_word' id='word_1_241' title='bbox 1013 3901 1049 3965; x_wconf 91' lang='lat' dir='ltr'>at</span> <span class='ocrx_word' id='word_1_242' title='bbox 1070 3898 1162 3965; x_wconf 89' lang='lat' dir='ltr'>hicce</span> <span class='ocrx_word' id='word_1_243' title='bbox 1185 3918 1276 3965; x_wconf 90' lang='lat' dir='ltr'>meus</span> <span class='ocrx_word' id='word_1_244' title='bbox 1300 3898 1378 3964; x_wconf 92' lang='lat' dir='ltr'>mihi</span> <span class='ocrx_word' id='word_1_245' title='bbox 1402 3901 1454 3965; x_wconf 89' lang='lat' dir='ltr'>est</span> <span class='ocrx_word' id='word_1_246' title='bbox 1477 3902 1559 3963; x_wconf 89' lang='lat' dir='ltr'>ante</span> 
     </span>
     <span class='ocr_line' id='line_1_31' title="bbox 315 4004 1559 4087; baseline 0.001 -16"><span class='ocrx_word' id='word_1_247' title='bbox 315 4006 318 4015; x_wconf 85' lang='lat'>&#39;</span> <span class='ocrx_word' id='word_1_248' title='bbox 384 4004 466 4072; x_wconf 91' lang='lat' dir='ltr'>alios</span> <span class='ocrx_word' id='word_1_249' title='bbox 497 4004 670 4073; x_wconf 88' lang='lat' dir='ltr'>formosior</span> <span class='ocrx_word' id='word_1_250' title='bbox 700 4024 810 4072; x_wconf 90' lang='lat' dir='ltr'>omnes</span> <span class='ocrx_word' id='word_1_251' title='bbox 820 4006 846 4072; x_wconf 85' lang='lat'>1“</span> <span class='ocrx_word' id='word_1_252' title='bbox 902 4006 1018 4072; x_wconf 91' lang='lat' dir='ltr'>Nonne</span> <span class='ocrx_word' id='word_1_253' title='bbox 1055 4007 1118 4071; x_wconf 88' lang='lat' dir='ltr'>hac</span> <span class='ocrx_word' id='word_1_254' title='bbox 1156 4004 1271 4072; x_wconf 86' lang='lat' dir='ltr'>fabula</span> <span class='ocrx_word' id='word_1_255' title='bbox 1308 4005 1434 4073; x_wconf 92' lang='lat' dir='ltr'>simiam</span> <span class='ocrx_word' id='word_1_256' title='bbox 1472 4023 1559 4087; x_wconf 89' lang='lat' dir='ltr'>qnae</span> 
     </span>
     <span class='ocr_line' id='line_1_32' title="bbox 383 4110 1559 4196; baseline 0.003 -22"><span class='ocrx_word' id='word_1_257' title='bbox 383 4111 534 4188; x_wconf 79' lang='grc' dir='ltr'><strong><em>Καλλίας</em></strong></span> <span class='ocrx_word' id='word_1_258' title='bbox 557 4111 741 4178; x_wconf 90' lang='lat' dir='ltr'>nominetur</span> <span class='ocrx_word' id='word_1_259' title='bbox 763 4111 895 4196; x_wconf 90' lang='lat' dir='ltr'>dignum</span> <span class='ocrx_word' id='word_1_260' title='bbox 920 4131 994 4179; x_wconf 89' lang='lat' dir='ltr'>esse</span> <span class='ocrx_word' id='word_1_261' title='bbox 1010 4110 1218 4178; x_wconf 76' lang='lat' dir='ltr'>ostenditur?</span> <span class='ocrx_word' id='word_1_262' title='bbox 1248 4112 1295 4177; x_wconf 78' lang='lat' dir='ltr'>lut</span> <span class='ocrx_word' id='word_1_263' title='bbox 1314 4112 1401 4178; x_wconf 89' lang='lat' dir='ltr'>sicut</span> <span class='ocrx_word' id='word_1_264' title='bbox 1422 4111 1559 4178; x_wconf 87' lang='lat' dir='ltr'>fabulae</span> 
     </span>
     <span class='ocr_line' id='line_1_33' title="bbox 381 4216 1559 4301; baseline 0.002 -18"><span class='ocrx_word' id='word_1_265' title='bbox 381 4236 435 4284; x_wconf 90' lang='lat' dir='ltr'>res</span> <span class='ocrx_word' id='word_1_266' title='bbox 450 4218 550 4301; x_wconf 83' lang='lat' dir='ltr'>vulgo</span> <span class='ocrx_word' id='word_1_267' title='bbox 565 4217 723 4301; x_wconf 84' lang='lat' dir='ltr'>pertritas</span> <span class='ocrx_word' id='word_1_268' title='bbox 747 4219 782 4284; x_wconf 90' lang='lat' dir='ltr'>et</span> <span class='ocrx_word' id='word_1_269' title='bbox 801 4218 977 4283; x_wconf 90' lang='lat' dir='ltr'>communis</span> <span class='ocrx_word' id='word_1_270' title='bbox 993 4217 1148 4284; x_wconf 90' lang='lat' dir='ltr'>derebus</span> <span class='ocrx_word' id='word_1_271' title='bbox 1169 4236 1286 4283; x_wconf 86' lang='lat' dir='ltr'>sensus</span> <span class='ocrx_word' id='word_1_272' title='bbox 1303 4216 1559 4285; x_wconf 85' lang='lat' dir='ltr'>consuetudines</span> 
     </span>
     <span class='ocr_line' id='line_1_34' title="bbox 382 4323 1558 4409; baseline -0.001 -17"><span class='ocrx_word' id='word_1_273' title='bbox 382 4324 520 4392; x_wconf 89' lang='lat' dir='ltr'>reddere</span> <span class='ocrx_word' id='word_1_274' title='bbox 549 4324 666 4406; x_wconf 89' lang='lat' dir='ltr'>solent,</span> <span class='ocrx_word' id='word_1_275' title='bbox 695 4324 745 4392; x_wconf 86' lang='lat' dir='ltr'>ita</span> <span class='ocrx_word' id='word_1_276' title='bbox 768 4342 809 4389; x_wconf 84' lang='lat' dir='ltr'>ex</span> <span class='ocrx_word' id='word_1_277' title='bbox 839 4325 903 4391; x_wconf 90' lang='lat' dir='ltr'>hac</span> <span class='ocrx_word' id='word_1_278' title='bbox 932 4323 1047 4391; x_wconf 86' lang='lat' dir='ltr'>fabula</span> <span class='ocrx_word' id='word_1_279' title='bbox 1076 4324 1183 4407; x_wconf 90' lang='lat' dir='ltr'>opinio</span> <span class='ocrx_word' id='word_1_280' title='bbox 1214 4325 1255 4391; x_wconf 92' lang='lat' dir='ltr'>de</span> <span class='ocrx_word' id='word_1_281' title='bbox 1285 4324 1380 4391; x_wconf 90' lang='lat' dir='ltr'>simia</span> <span class='ocrx_word' id='word_1_282' title='bbox 1405 4323 1558 4409; x_wconf 84' lang='lat' dir='ltr'>vulgaris</span> 
     </span>
     <span class='ocr_line' id='line_1_35' title="bbox 383 4428 816 4515; baseline 0 -17"><span class='ocrx_word' id='word_1_283' title='bbox 383 4430 503 4515; x_wconf 85' lang='lat' dir='ltr'>optime</span> <span class='ocrx_word' id='word_1_284' title='bbox 526 4428 675 4515; x_wconf 87' lang='lat' dir='ltr'>intellegi</span> <span class='ocrx_word' id='word_1_285' title='bbox 697 4432 816 4515; x_wconf 86' lang='lat' dir='ltr'>potest.</span> 
     </span>
    </p>
   </div>
   <div class='ocr_carea' id='block_1_6' title="bbox 0 0 1796 5400">
    <p class='ocr_par' dir='ltr' id='par_1_6' title="bbox 0 0 1796 5400">
     <span class='ocr_line' id='line_1_36' title="bbox 0 0 1796 5400; baseline 0 4"><span class='ocrx_word' id='word_1_286' title='bbox 0 0 1796 5400; x_wconf 95' lang='lat' dir='ltr'> </span> 
     </span>
    </p>
   </div>
  </div>
 </body>
</html>
