3584 5400
723 651 945 726 „45-

138 925 139 950 ,
247 858 367 926 Utrum
399 877 481 927 vera
511 855 557 925 sit
586 875 627 924 ea
650 819 819 925 sententia
849 875 893 923 an
923 854 1104 923 similitudo
1135 874 1220 938 quae
1243 852 1420 922 intercedit

138 971 139 996 ¹
247 966 337 1033 inter
361 963 502 1054 Κάστωρ
531 964 642 1033 herois
666 968 702 1032 et
725 962 856 1052 adecep
878 963 972 1030 tibris
994 962 1128 1030 nomina
1150 962 1314 1031 vocabula
1335 960 1420 1028 indi·

249 1073 345 1155 derit,
376 1072 473 1141 hodio
503 1071 685 1140 diiudicare
715 1090 781 1139 non
803 1068 1018 1158 possumus.¹)
1063 1071 1137 1138 Hoc
1168 1076 1259 1139 certo
1291 1067 1421 1151 quidem

249 1179 473 1265 intellegimus
504 1179 694 1269 καστορίὸες
733 1197 833 1246 canes
865 1197 907 1245 ex
946 1177 1089 1245 omnium
1128 1176 1297 1245 sententia
1335 1182 1373 1243 ut
1403 1195 1421 1244 e

250 1287 399 1355 Castoris
430 1286 571 1362 stabulis
603 1290 737 1355 exortos
769 1305 841 1354 curn
856 1299 859 1304 ’
873 1285 988 1352 eodem
1018 1286 1158 1352 collatos
1190 1303 1271 1352 esse.
1316 1284 1422 1350 Poeta

250 1396 337 1478 quod
372 1396 484 1463 &aaa
520 1397 658 1484 loquaces
689 1416 777 1482 pacm
815 1396 960 1460 dicarunt
993 1402 1138 1460 caderem
1175 1393 1324 1474 adnotat,
1363 1396 1423 1458 aut

255 1502 404 1570 Graecos
436 1501 565 1569 omnino
597 1508 657 1569 aut
687 1507 796 1569 certos
827 1501 975 1568 Graecos
1012 1500 1170 1583 quosdam
1204 1498 1424 1584 reprehendit,

253 1610 307 1693 qui
331 1619 431 1676 casta
453 1629 566 1678 vocem
590 1628 661 1677 cum
689 1608 798 1677 herois
825 1610 1004 1676 cohaerere
1019 1607 1083 1675 sibi
1097 1607 1425 1689 necantur-Atque

250 1718 312 1785 hoe
343 1717 472 1800 quidem
497 1736 562 1784 non
585 1716 656 1784 sine
680 1716 816 1784 consilio
840 1716 922 1783 dicit
944 1722 1059 1800 poeta:
1090 1716 1270 1798 Tamquam
1293 1715 1423 1782 illorum

251 1825 540 1910 grammaticorum
564 1830 724 1908 sequatur
746 1829 871 1909 partes,
895 1823 950 1907 qui
973 1842 1061 1892 nova
1077 1823 1209 1890 nomina
1224 1842 1290 1890 non
1306 1842 1327 1889 a
1342 1821 1423 1904 deis,

251 1933 309 2000 sed
341 1952 362 2000 a
391 1932 510 2017 populo
542 1937 665 1999 natura
694 1932 847 2016 profecta
878 1950 953 1999 esse
984 1930 1049 1998 sibi
1080 1930 1319 2015 persuaserint,
1350 1948 1423 1997 eam

250 2038 422 2124 impugnat
461 2038 654 2124 opinionem,
693 2039 749 2123 qui
786 2038 895 2106 omnia
925 2039 1089 2107 vocabula
1123 2039 1256 2106 deorum
1287 2056 1423 2105 munera

252 2152 428 2229 censeant3
459 2146 603 2214 Phaedri
617 2155 620 2160 '
633 2147 810 2231 praecipue
840 2147 1044 2230 temporibus
1067 2151 1103 2212 et
1124 2145 1225 2229 paulo
1248 2151 1327 2212 ante
1350 2163 1423 2212 eum

252 2255 432 2338 permultos
456 2254 506 2321 ita
528 2254 675 2322 sensisse
698 2243 847 2322 homines
867 2253 1038 2336 neminem,
1062 2253 1118 2336 qui
1132 2254 1262 2321 illorum
1277 2256 1423 2320 aetatem

251 2361 442 2447 inspexerit,
477 2360 625 2446 effugiat.
671 2364 850 2430 Auctorem
872 2361 1064 2445 popularem
1089 2361 1230 2429 colorem
1252 2360 1287 2426 in
1309 2359 1424 2427 fabula

252 2471 341 2553 haud
363 2468 507 2538 feliciter
530 2469 756 2537 adfectantem
779 2468 990 2536 offendimus:
1014 2468 1233 2536 Doctissimas
1249 2468 1424 2537 verborum

254 2576 505 2665 explanationes
544 2575 640 2659 quasi
669 2576 821 2661 repudiet
852 2582 886 2643 et
918 2576 990 2660 ipse
1020 2595 1129 2643 rernm
1160 2579 1315 2643 naturam
1347 2593 1423 2659 cog-

252 2689 379 2769 noscat,
411 2704 522 2753 eornm
544 2683 673 2753 refutat
696 2681 939 2769 adrogantiam,
970 2682 1025 2766 qui
1053 2682 1210 2768 vulgares
1226 2681 1424 2751 sententias

253 2792 387 2861 minutis
403 2799 439 2860 et
455 2792 657 2876 scrupulosis
678 2791 849 2860 doctorum
869 2798 1038 2884 opponant
1059 2790 1402 2876 interpretationibus.

341 2937 412 3004 Iam
436 2936 479 3003 ad
501 2937 660 3003 nonnulla
682 2935 934 3021 progrediamur
956 2932 1098 3018 nomina,
1122 2954 1207 3018 quae
1222 2938 1333 3002 utrum
1348 2935 1424 3003 sub·

253 3043 405 3112 stantiva
427 3040 497 3110 sint
520 3061 563 3109 an
587 3042 755 3111 adiectiva
778 3042 986 3111 everborum
1004 3039 1240 3125 compositione
1260 3047 1352 3109 certo
1375 3041 1425 3108 in·

253 3149 368 3235 tellegi
390 3168 456 3217 non
477 3154 600 3233 potest,
624 3167 760 3233 quorum
782 3148 817 3215 in
840 3167 975 3216 numero
999 3154 1052 3216 est

596 3378 792 3447 discolor
824 3325 1089 3465 (decolori),

254 3540 341 3624 quod
371 3539 505 3624 ponitur
535 3558 594 3625 pro
628 3540 743 3609 cicada
770 3540 858 3625 apud
882 3539 1047 3616 Asianum
1070 3537 1123 3621 el,
1148 3536 1189 3605 11
1215 3536 1340 3625 (lillis),
1369 3539 1427 3607 ubi

255 3647 402 3715 codicum
424 3646 584 3715 lectiones
608 3648 716 3716 altera
739 3648 879 3733 denar,
905 3647 1014 3714 altera
1036 3648 1159 3714 decolor
1180 3644 1376 3733 offeruntz²l

413 3772 559 3839 Discolor
585 3771 664 3838 hacne
686 3772 827 3859 precibra
848 3772 979 3859 supplem
1002 3772 1148 3837 alimenta
1175 3772 1316 3859 rogabat,

254 4146 467 4155 -—————

345 4231 372 4300 1)
391 4231 494 4286 Nescio
521 4246 557 4285 an
582 4231 709 4285 colorum
733 4230 886 4285 similitudo
912 4229 998 4285 fuerit
1022 4230 1095 4286 inter
1120 4246 1220 4284 canum
1245 4245 1352 4299 genera
1376 4230 1428 4285 illa

254 4336 289 4374 ac
307 4318 428 4375 fibram?

344 4427 373 4497 2)
391 4425 520 4484 discolor
539 4424 623 4479 codd.
649 4424 746 4496 Oxou,
772 4424 804 4497 0,
822 4424 856 4497 R,
874 4425 910 4480 X.
937 4425 1056 4483 decolor
1074 4424 1159 4479 codd.
1182 4425 1323 4497 Perias,
1348 4427 1371 4481 P
1399 4432 1428 4482 et

254 4514 358 4584 fragm.
376 4513 596 4570 Karoliruhsnes
615 4512 725 4583 (Ellis).
