3584 5400
833 630 1052 703 ..36-

448 833 499 900 De
537 852 692 916 equorum
734 831 976 917 cognominatis
1014 831 1179 900 uberrima
1216 819 1402 917 disputavit
1445 851 1532 900 com·
1637 840 1639 933 j

358 941 563 1010 mentatione
597 937 879 1026 Rittwagerus31)
918 945 998 1008 suut
1034 945 1147 1008 tamen
1186 959 1270 1023 quae
1308 940 1340 1007 ei
1378 938 1532 1007 addenda

358 1055 520 1133 putemus.

447 1174 590 1242 Primum
605 1173 640 1240 in
652 1173 745 1241 Accii
760 1173 959 1258 fragmentis
970 1193 1001 1243 v.
1011 1180 1075 1241 609
1088 1172 1133 1258 (p.
1142 1171 1208 1240 214
1219 1172 1315 1240 Ribb.
1325 1174 1425 1257 Trag.
1437 1173 1532 1240 Rom.

358 1280 508 1368 Fragm.)
538 1285 656 1370 sonipes
678 1300 792 1350 vocem
815 1281 972 1366 legimus:
1002 1283 1285 1370 quadripodautum
1305 1277 1532 1368 sonipedum),

357 1390 414 1456 ubi
438 1389 649 1458 substantive
670 1392 801 1474 sonipes,
826 1388 991 1458 adiectivc
1014 1390 1257 1476 quadrupedem
1280 1387 1429 1455 adhiberi
1444 1387 1533 1456 veri-

359 1496 556 1564 simillimum
579 1500 640 1578 est,
668 1515 741 1563 oum
765 1495 1048 1565 substantivorum
1072 1514 1162 1563 more
1184 1495 1429 1584 quadrupedans
1451 1499 1532 1561 aute

358 1603 541 1688 Vergilium
565 1622 629 1670 nou
651 1608 840 1687 usurpetur,
861 1607 980 1692 sonipes
1003 1603 1136 1686 saepius
1158 1601 1319 1672 invenias.
1350 1603 1534 1669 Praeterea
1640 1628 1641 1647 .

357 1710 505 1778 Lucilius
530 1708 595 1778 506
619 1731 706 1794 squ:
740 1712 921 1794 Campanus
940 1707 1099 1798 saaipasd)
1137 1711 1261 1795 Trsgg.
1284 1711 1347 1778 inc.
1370 1710 1441 1777 rell.
1464 1707 1532 1776 237

358 1816 417 1903 (·.;
431 1839 462 1902 p.
479 1816 554 1901 271,
578 1816 706 1903 Ribb.):
731 1820 824 1906 opidis
847 1821 965 1905 scalpus
986 1822 1112 1906 rapitur
1134 1820 1224 1885 celeri
1245 1821 1350 1884 souitu
1363 1818 1532 1905 trepidans.

357 1925 506 2008 Utroque
529 1926 601 1992 loeo
625 1925 839 1994 substantive
860 1942 921 2008 pro
945 1943 1027 2007 equo
1044 1945 1110 1994 vox
1124 1924 1256 1993 dicitnr.
1287 1923 1380 2011 (Alia
1403 1943 1532 2008 quoque

358 2033 433 2116 equi
457 2033 605 2117 epitheta
629 2051 702 2099 eum
721 2067 765 2078 —
783 2050 844 2115 pes
860 2031 1052 2114 composita,
1076 2051 1117 2098 ea
1132 2038 1244 2099 umen
1259 2032 1424 2100 adiective
1440 2031 1532 2098 diota
1641 2112 1642 2131 χ

358 2147 503 2221 exstent,
520 2139 680 2222 ecapnd
696 2137 834 2205 eundem
845 2135 1038 2222 Lucilium4)
1054 2142 1158 2227 opipao
1168 2161 1213 2201 ε
1225 2141 1302 2206 oder
1313 2159 1344 2208 v.
1356 2136 1443 2206 1098
1455 2136 1532 2224 Md)

357 2248 497 2314 Pnaeter
513 2246 647 2313 Accium
664 2245 891 2329 Luciliumque
906 2250 1024 2332 soar‘pas
1039 2247 1164 2313 habant
1179 2246 1330 2314 Catullus
1346 2246 1471 2325 LXIH,
1487 2243 1530 2311 41

358 2352 414 2439 (de
431 2353 518 2420 Solis
535 2353 627 2436 equis
643 2354 776 2441 semel);
792 2354 961 2438 Vergilius
977 2352 1066 2420 hand
1082 2353 1132 2420 ita
1148 2372 1264 2437 saepe:
1284 2355 1367 2421 Aen.
1382 2353 1438 2435 IV,
1455 2351 1532 2421 135.
1642 2368 1643 2391 ¹

358 2461 419 2543 XI,
435 2458 509 2528 600.
526 2458 600 2528 638.
633 2461 822 2544 Sequuntur
838 2461 948 2529 Germ.
965 2461 1059 2527 Aret.
1075 2457 1151 2542 207,
1172 2458 1247 2543 418,
1269 2458 1344 2543 618,
1359 2458 1532 2527 Phaedrus

357 2624 570 2634 -—..—

447 2710 475 2779 1)
494 2731 527 2759 =
547 2710 655 2765 Archiv
673 2710 693 2767 i.
713 2711 807 2767 latein.
826 2710 1057 2780 Lexilrographie
1075 2710 1204 2768 votvm
1222 2728 1250 2781 p.
1268 2711 1334 2781 324,
1354 2709 1429 2765 idem
1448 2714 1533 2763 antea

357 2800 415 2871 egit
439 2801 474 2857 de
501 2802 569 2873 apuu·
592 2799 737 2856 vocabulo
762 2804 790 2856 et
814 2802 1030 2875 copucuaiuatr‘s
1053 2800 1083 2853 in
1102 2800 1300 2854 dissertatione
1325 2815 1377 2853 sna
1399 2797 1533 2868 quesita

356 2889 519 2944 inscribitur
536 2888 653 2943 Halensi
672 2888 817 2959 sonipedis
836 2889 957 2943 nominis
975 2889 1086 2943 ratione
1105 2888 1230 2942 nondum
1247 2888 1354 2945 habita.

445 2977 474 3049 2)
495 2976 639 3053 Ommipes
658 2978 797 3035 simillime
815 2978 966 3033 formatum
988 2977 1056 3032 item
1074 2977 1103 3031 in
1127 2993 1227 3032 sonum
1254 2977 1369 3048 unguhs
1394 2992 1532 3047 equorum

357 3066 462 3122 editum
481 3066 609 3135 quadrat.

445 3155 474 3224 3)
493 3156 537 3211 De
556 3172 611 3225 quo
630 3156 697 3211 vide
715 3155 792 3211 inira¹
808 3173 836 3226 p.
854 3158 889 3212 37
909 3155 975 3211 adn.
994 3156 1019 3210 1.

445 3245 474 3315 4)
492 3245 635 3300 Ausonius
666 3245 735 3300 talia
761 3245 875 3299 nomina
902 3244 1050 3315 permagni
1081 3244 1225 3301 aestimat:
1254 3250 1397 3323 semipes,
1427 3246 1531 3323 alipes,

351 3334 491 3410 planipes
519 3341 591 3405 etc.3
614 3334 720 3405 primus
746 3334 832 3389 habet
859 3332 988 3409 fissipes,
1014 3334 1152 3409 lentipes,
1170 3336 1352 3410 volucripes,
1370 3342 1402 3391 ut
1428 3336 1531 3391 edocet

357 3423 461 3478 Hosius
480 3423 517 3477 ad
536 3424 682 3479 Mosellam
700 3424 761 3481 201.

401 3498 402 3503 ¹
445 3513 472 3581 5)
491 3512 642 3568 Adiective
673 3529 735 3567 cum
762 3528 824 3583 -pes
853 3513 1010 3583 composita
1040 3514 1117 3569 haud
1143 3514 1183 3568 ita
1212 3529 1277 3568 raro
1309 3514 1386 3585 apud
1413 3514 1531 3569 Latinos

356 3601 510 3672 scriptores
526 3602 683 3657 invenimus
702 3602 852 3669 vocabula,
871 3603 952 3657 velut
962 3603 1028 3658 illa:
1049 3601 1196 3677 Oelempes
1207 3603 1265 3658 Cic.
1278 3603 1315 3657 ad
1328 3604 1413 3659 Attio.
1427 3607 1451 3673 9,
1466 3606 1531 3672 7,1.

359 3689 504 3765 Tardtpes
522 3690 651 3747 Catullus
669 3691 713 3759 96,
733 3692 749 3743 7
767 3690 874 3761 primus
892 3690 987 3760 habet,
1007 3691 1110 3748 dicitur
1127 3692 1273 3748 Volcanus
1292 3694 1426 3764 claudns;
1453 3694 1530 3749 unde

356 3779 508 3849 assumpsit
532 3778 639 3835 Colum.
663 3779 691 3834 X
707 3778 761 3835 419
789 3778 951 3854 Tardipedi
980 3778 1093 3847 (Baehr.
1119 3781 1156 3835 ad
1183 3780 1243 3837 Oet
1272 3798 1299 3851 p.
1318 3780 1392 3853 209).
1427 3781 1531 3857 Alipss

356 3867 392 3921 de
411 3883 483 3936 equo
503 3883 588 3938 saepe
608 3866 722 3936 dicitur,
749 3867 786 3923 ci.
805 3884 847 3938 gr.
867 3868 1006 3941 πηρόιωυς,
1024 3868 1165 3925 adiective
1183 3867 1356 3924 vocabulum
1373 3899 1410 3909 —
1427 3885 1529 3927 vocem

356 3955 428 4010 alias
446 3955 586 4026 poeticam
604 3957 634 4011 in
652 3972 739 4027 prosa
757 3956 840 4012 Mart.
859 3955 978 4028 Capella
997 3959 1021 4026 1,
1040 3958 1075 4012 29
1093 3975 1166 4013 unus
1185 3958 1367 4013 adhibuit-
1385 3959 1422 4015 de
1440 3960 1529 4015 variis

355 4044 532 4113 animalibus,
550 4045 685 4115 imprimis
705 4045 740 4100 de
759 4045 846 4115 equis,
865 4052 1027 4117 usurpatur.
1063 4046 1100 4103 cl.
1119 4046 1150 4103 0.
1167 4046 1261 4103 Gloss„
1273 4048 1334 4102 Lat
1351 4048 1385 4115 ll,
1403 4047 1466 4117 tao,
1478 4050 1530 4120 31,

354 4132 401 4201 ΠΙ,
421 4133 482 4201 257,
501 4133 601 4203 39311,
620 4133 682 4201 452,
701 4134 734 4189 21
760 4134 906 4207 dummoc,
929 4135 1059 4202 ταχύπους.
1095 4135 1125 4192 O.
1145 4135 1179 4192 G.
1197 4136 1232 4204 V,
1251 4136 1313 4205 278,
1331 4136 1367 4191 53
1391 4140 1528 4212 cornipes,

354 4225 479 4297 sculpes,
507 4222 601 4297 alipes
626 4240 727 4297 equus.
763 4224 851 4293 Verg.
870 4224 942 4280 Aen.
959 4224 1020 4294 VII,
1043 4224 1094 4279 977
1123 4224 1226 4294 aliique
1254 4226 1429 4295 complures:
1457 4225 1528 4284 Stet.

354 4309 441 4367 Theb.
460 4311 584 4383 V15583
611 4310 657 4380 ΙΠ,
676 4312 744 4384 428,
770 4312 818 4381 IV,
836 4314 906 4385 351,
933 4314 968 4382 V,
987 4314 1055 4386 699,
1081 4313 1129 4383 ΙΧ,
1149 4313 1200 4369 206
1220 4320 1289 4385 etc.;
1317 4315 1353 4370 de
1378 4316 1480 4386 quibus
1498 4333 1528 4373 v.

354 4399 405 4455 Th.
423 4400 455 4456 L.
473 4400 505 4456 L.
529 4400 563 4471 (l)
582 4400 667 4468 1597,
693 4407 746 4457 eto.
764 4435 800 4445 -
817 4402 844 4457 A
863 4402 1002 4473 sonipede
1019 4404 1108 4458 multo
1133 4402 1219 4459 latius
1238 4404 1313 4458 absit
1330 4404 1528 4480 lrarhpradus

354 4487 422 4556 (Cic.
435 4488 463 4544 d.
477 4488 535 4545 div.
547 4488 580 4556 11,
593 4488 657 4561 163)
676 4489 757 4557 illud,
776 4509 810 4539 =
830 4490 957 4549 cochlea.
