3584 5400
717 636 936 704 ..27-

326 833 629 902 Praeelarissimum
648 852 650 856 ’
669 833 749 919 galli
787 834 841 902 vel
874 834 984 917 potius
1018 832 1163 918 gallinae
1197 828 1413 918 cognomen1)

236 940 322 1008 addo
339 937 617 1034 θακοθοιλποίςὲ)
641 960 726 1023 quae
749 944 860 1009 tamen
883 961 949 1009 vox
971 945 1009 1007 ut
1031 941 1252 1024 fragmentum
1273 935 1414 1023 eoenmss)

235 1048 385 1133 vulgaris
410 1049 567 1116 sermonis
592 1048 733 1131 speeiem
756 1068 835 1131 prae
859 1068 895 1115 se
919 1047 1007 1115 ferre
1030 1066 1096 1115 non
1117 1047 1257 1115 videtur.

326 1155 526 1238 Appendieis
556 1156 627 1223 loeo
662 1175 829 1240 perpauca
858 1157 964 1224 verba
993 1154 1105 1224 faeere
1135 1154 1213 1221 mihi
1241 1153 1343 1223 liceat
1373 1155 1414 1222 de

238 1280 369 1330 nomme
804 1299 806 1305 ,

714 1460 939 1546 Αἴλουρος.

264 1633 266 1638 -
325 1585 366 1650 In
388 1583 515 1652 duabus
538 1583 653 1651 Babrii
684 1583 806 1651 fabulis
834 1585 986 1672 οιῖλοορος
1009 1605 1124 1654 vooem
1144 1586 1300 1670 legimns:
1324 1582 1411 1668 17,1

235 1691 400 1779 Λὶλουρος
433 1687 540 1778 ὄρνεις
572 1695 672 1777 οἰκίης
703 1690 885 1780 ἐνεδρεύων
910 1691 977 1779 (17,
994 1691 1039 1778 6).
1079 1691 1187 1774 121,1
1205 1689 1315 1780 Ὄρνις
1338 1698 1413 1757 ποτ’

234 1795 414 1885 ἠσθένησε.
439 1801 480 1893 τῇ
504 1798 542 1863 dd
566 1799 766 1886 προσκύψας
791 1801 942 1887 αἴλουρος
965 1799 1040 1865 εἷπε
1064 1851 1071 1866 .
1095 1850 1135 1867 ..

326 1907 399 1973 Vox
422 1908 481 1972 aut
503 1905 601 1973 felem
626 1910 683 1973 aut
705 1908 878 1974 mustelam
902 1907 1077 1990 signifieat.

325 2012 449 2079 Latina
472 2033 555 2096 quae
579 2015 730 2101 οιῖλουρος
753 2017 826 2084 roei
856 2016 1079 2099 respondeant
1109 2015 1271 2083 voeabula
1293 2014 1414 2099 partim

236 2120 408 2203 popularia
445 2121 528 2186 haee
561 2123 712 2206 congessi
746 2143 763 2189 e
799 2123 956 2207 corpore
976 2124 1168 2190 (linaearum
1187 2152 1189 2155 ·
1205 2122 1414 2190 Latinarum:

237 2231 347 2294 eattua
363 2265 396 2293 =
414 2229 565 2316 αἴλουρος
580 2227 632 2296 ΙΙΙ
649 2228 700 2312 18,
714 2224 759 2295 ’49
777 2233 838 2296 eto.
854 2230 1032 2315 mmilegus
1048 2228 1168 2313 V605,
1184 2228 1235 2297 11.
1251 2228 1412 2312 muriceps

237 2332 356 2415 9422,
372 2333 425 2403 39.
456 2336 547 2419 pilax
578 2357 598 2404 a
627 2337 703 2421 pilo,
726 2374 759 2402 =
784 2337 839 2419 qui
864 2338 958 2420 pilat‚
988 2336 1108 2418 V607,
1124 2335 1176 2404 34.
1207 2337 1328 2404 messio
1360 2340 1412 2403 est

234 2449 333 2506 eattae
374 2464 407 2508 eo
447 2446 529 2530 quod
568 2444 709 2510 mroribus
748 2447 788 2510 eit
827 2446 958 2532 infertam
996 2445 1026 2511 V
1057 2442 1136 2526 621,
1173 2443 1225 2512 16.
1271 2444 1410 2513 catellus

235 2548 437 2617 deminutive
460 2550 513 2616 III
536 2549 610 2632 259,
627 2549 679 2617 24.
1354 2605 1357 2608 -

325 2657 468 2741 Etymon
500 2657 669 2751 quaeritur
692 2679 713 2725 a
735 2658 918 2726 Schradero
949 2647 1231 2747 (Bezzenbergers
1254 2658 1411 2744 Beitri'age

231 2764 299 2831 XV
323 2762 426 2830 1889:
450 2764 588 2842 Studien
612 2765 672 2832 aui
693 2767 765 2833 dem
789 2766 928 2834 Gebiete
956 2766 991 2833 d.
1008 2767 1130 2851 grieeh.
1154 2764 1411 2853 Wortbildung)‚

234 2870 292 2953 qni
316 2890 334 2937 e
357 2871 505 2954 populari
535 2872 716 2955 veriloquio
745 2872 859 2941 vocem
890 2874 1040 2942 declarat
1069 2895 1184 2958 parum
1215 2874 1314 2953 firme.
1360 2873 1411 2940 Ibi

236 2977 304 3043 alia
332 2978 489 3061 leguntur
518 2980 704 3047 animalium
735 2982 867 3048 nomina
896 2982 931 3048 in
955 3006 1047 3070 οορος
1070 2986 1105 3049 et
1128 3006 1215 3070 ουρις
1238 2981 1411 3049 exeuntia:

237 3084 431 3171 λαμπουρίς,
463 3084 645 3174 λαμπυρίς,
676 3087 850 3175 μόλουρος,
881 3090 1042 3176 μολουρίς,
1073 3090 1233 3177 μελουρίς,
1264 3090 1410 3177 μολῦρις,

151 3204 153 3209 ’
236 3188 366 3277 (piscis)
399 3191 554 3279 σίλουρος,
585 3195 763 3279 ἵππουρος,
795 3195 971 3283 ποῖγουρος,
1004 3205 1182 3284 κέρκουρος,
1213 3197 1410 3284 τροὶχουρος,Ι

235 3298 413 3385 κίλλουρος,
430 3310 642 3388 φοινίκουρος,
660 3310 814 3388 σκίουρος,
832 3312 1049 3390 καμψίουρος,
1062 3303 1236 3390 κόθουρος,
1249 3303 1409 3390 κόλουρις,

235 3405 418 3487 dequibus
449 3406 581 3491 singula
610 3408 730 3475 ibidem
755 3408 913 3492 inspicias
943 3410 1173 3478 ambronibus,
1218 3410 1309 3477 Idem
1330 3428 1411 3477 *vero

235 3512 451 3595 Schraderus,
475 3515 560 3597 qnod
582 3516 748 3603 κιλλοορος
771 3516 958 3584 motacillae
980 3518 1174 3586 vocabulum
1190 3517 1302 3584 eodem
1317 3516 1411 3583 modo

234 3691 313 3746 LXV
340 3690 368 3745 Μ
396 3690 444 3760 (of.
470 3690 559 3748 aehol.
587 3691 721 3746 Nicandri
749 3692 831 3748 Ther.
856 3693 908 3748 406
936 3693 1217 3763 interpretationem).
1266 3692 1368 3747 Iridem
1393 3709 1411 3747 a

234 3780 328 3850 poetis
348 3778 489 3851 ὖεοήμοοιοο
514 3779 570 3835 diei
596 3780 816 3851 Olympiodorna
841 3788 960 3837 annotat
984 3783 1022 3837 ad
1040 3783 1157 3838 Ariatot
1175 3783 1292 3839 Meteon.
1310 3800 1338 3853 p.
1358 3783 1410 3837 132

235 3870 281 3926 ed.
294 3870 395 3927 ideler.

326 3961 351 4025 1)
371 3958 453 4024 Quod
472 3959 661 4014 testimonium
680 3961 819 4016 Maaasiua
837 3961 905 4015 mihi
923 3961 1069 4019 indicavit.

325 4049 354 4118 2)
374 4050 548 4109 Θοιοθοιλπάς
577 4066 629 4119 pro
661 4051 834 4110 θοοοθοιλιιοὶς
863 4066 899 4105 ex
929 4051 1067 4106 Beehtelii
1104 4051 1269 4106 coniectura
1302 4052 1409 4122 (Herm.

234 4139 278 4207 35,
298 4139 350 4194 348
369 4139 460 4209 iliae.)
479 4138 584 4209 legitur
603 4139 680 4209 apud
699 4139 883 4195 Greniellinm
903 4146 932 4195 et
949 4140 1084 4195 Huntinm
1102 4140 1131 4195 in
1151 4141 1226 4205 „The
1247 4141 1409 4213 Oxyrrhyn-

235 4228 306 4282 ehoe
324 4228 445 4298 Papyri“
471 4227 530 4285 vol.
549 4229 562 4282 I
581 4232 609 4283 et
627 4228 654 4282 Π
673 4226 789 4299 1898199
816 4229 887 4297 (219,
907 4230 942 4285 23
968 4230 1073 4285 saeculi
1091 4248 1120 4301 p.
1139 4229 1169 4285 0.
1194 4231 1302 4302 primi):
1327 4230 1341 4284 ὅ
1359 4234 1410 4304 γοὶρ

233 4316 340 4390 ἀλέκτωρ
356 4316 472 4385 franiman?
488 4339 538 4388 μου
556 4321 597 4371 κοιλ
617 4320 813 4378 θακοθοιλποίδος
831 4322 943 4391 ἐρασθεὶς
960 4322 1017 4390 ἐμὶν
1036 4321 1080 4388 [z
1099 4320 1151 4389 ἐμὲ]
1170 4324 1315 4388 &ramulam

324 4408 352 4477 3)
371 4407 499 4461 Adnotat
518 4407 624 4462 editor:
645 4448 673 4473 „.
689 4452 695 4465 .
710 4450 716 4462 .
736 4409 762 4462 It
773 4408 798 4463 ia
809 4408 923 4464 written
935 4409 965 4462 in
978 4408 1074 4464 rather
1086 4408 1205 4481 flowery
1217 4411 1274 4465 and
1286 4411 1408 4480 poetioal

233 4495 378 4565 language
397 4496 454 4550 and
473 4496 575 4551 reoalle
594 4497 641 4551 the
662 4497 872 4562 „Alexandrian
890 4498 988 4552 Erotio
1006 4498 1200 4569 Fragment“.“
