3584 5400
725 595 946 666 -17..

247 793 442 864 vocabulum
465 813 486 861 a
508 792 599 864 fulvo
622 795 675 864 vel
705 795 803 862 rutilo
814 791 840 881 1)
874 796 943 879 lupi
974 797 1081 863 colore
1111 800 1274 882 sumptum
1304 798 1358 881 sit,
1388 802 1422 866 ot

247 922 408 986 nusquam
432 901 511 969 alibi
534 903 648 970 eadem
678 921 744 971 vox
765 902 933 971 iuvenitur
962 903 1026 970 nisi
1055 905 1141 986 quod
1165 905 1282 972 Suidas
1305 907 1422 974 habet:

248 1020 402 1096 κνηκίας·
440 1006 459 1073 ὅ
493 1009 599 1087 λύκος.
646 1011 827 1077 Praeterea
858 1010 1043 1078 Pausanias
1076 1011 1163 1079 idem
1197 1013 1272 1095 equi
1305 1033 1421 1081 nomeu
1483 1049 1486 1056 ·

249 1118 353 1199 offert,
376 1118 417 1184 de
431 1135 503 1199 quo
527 1135 586 1184 suo
609 1118 681 1184 loco
704 1117 913 1185 disseremus.
951 1118 1082 1204 Κνηκός
1097 1121 1300 1201 vocabulum,
1324 1140 1422 1203 aquo

172 1207 177 1226 ’
248 1235 384 1312 nepetae
415 1223 600 1292 derivatum
631 1227 691 1305 est,
717 1225 806 1291 haud
835 1224 884 1291 ita
917 1244 993 1292 raro
1023 1225 1207 1310 invenitur;
1236 1227 1422 1311 Hesychius

249 1331 372 1418 κνηκόν
396 1330 556 1415 appellari
584 1329 624 1395 co*
656 1334 803 1419 κροκίζον
834 1334 950 1420 χρῶμα
981 1333 1079 1400 testis
1103 1337 1164 1400 est.
1208 1335 1259 1400 Ae
1281 1333 1423 1404 Babrius

249 1441 337 1522 quod
369 1440 432 1506 hoc
466 1457 583 1518 nomen
617 1457 675 1522 pro
709 1438 808 1515 λύκος
841 1439 968 1523 posuit,
1002 1440 1037 1506 id
1071 1440 1180 1524 egisse
1213 1441 1353 1524 videtur,
1386 1444 1425 1508 ut

250 1546 432 1614 orationem
465 1546 612 1614 variaret
646 1548 681 1613 et
719 1545 938 1631 distingueret
975 1547 1133 1629 simulque
1170 1547 1319 1634 nativum
1356 1549 1425 1633 lupi

252 1655 391 1721 colorem
414 1672 480 1720 una
502 1672 584 1722 voce
608 1672 711 1736 eaque
735 1653 840 1719 minus
864 1653 991 1721 usitata
1014 1654 1227 1738 exprimeret;
1251 1656 1310 1722 sed
1333 1656 1425 1723 dubi·

250 1781 304 1836 um
341 1764 409 1843 est,
447 1763 555 1828 utrum
592 1764 692 1844 poeta
729 1761 927 1828 senteutiam
965 1761 1038 1829 voci
1076 1761 1209 1828 insitam
1240 1763 1426 1832 servaverit

250 1864 393 1952 nemci)

339 2029 430 2095 Idem
452 2029 646 2097 vocabulum
655 2024 692 2114 ⁸),
722 2028 871 2110 quamvis
899 2027 1010 2094 dorica
1039 2027 1154 2110 forma,
1185 2030 1272 2112 apud
1301 2031 1426 2098 Pausa·

250 2134 340 2202 nium
372 2135 511 2220 legimus
545 2134 616 2221 (Vl,
633 2133 684 2215 10,
701 2133 737 2221 7)
769 2135 809 2202 de
844 2131 964 2220 equo4)
1000 2135 1206 2202 Cleostheuis
1239 2136 1426 2219 Epidamnii

252 2241 497 2326 Olympionicae
519 2241 670 2324 positum.
715 2242 787 2308 Iam
810 2243 853 2309 ad
875 2245 988 2309 cetera
1010 2242 1106 2309 huius
1130 2242 1242 2326 stirpis
1265 2245 1427 2312 vocabula

251 2348 356 2430 venio,
380 2368 464 2431 quae
486 2350 654 2432 ponebant
677 2350 864 2433 scriptores,
887 2351 925 2415 ut
948 2348 1103 2417 animalia
1126 2348 1249 2416 eisdem
1264 2350 1426 2418 coloribus

251 2456 403 2540 praedita
425 2456 697 2540 depingerentur:
1134 2473 1137 2476 ·

342 2795 369 2864 1)
389 2794 508 2865 Oppian.
535 2794 570 2851 dc
595 2800 691 2851 venat.
716 2795 765 2851 lib.
787 2794 827 2848 HI
851 2795 905 2849 293
929 2793 1122 2865 (Rittershus.)
1145 2795 1268 2864 quinquo
1293 2795 1424 2867 luporum

252 2901 359 2953 genera
377 2884 502 2952 iaciens,
527 2900 599 2953 quae
618 2900 675 2939 non
694 2878 799 2939 temere
819 2884 887 2938 alibi
906 2885 1067 2954 repperias,
1092 2900 1177 2938 unum
1197 2900 1288 2953 genus
1308 2885 1426 2957 χρυσοῖ(

252 2972 311 3043 lupi
331 2973 426 3042 offert,
445 2973 522 3043 quod
544 2975 643 3041 κνηκὶας
660 2972 725 3028 huic
743 2973 809 3028 voci
829 2973 934 3042 optime
951 2972 1133 3043 respondeat,
1152 2989 1215 3027 cum
1236 2979 1330 3028 tamen
1349 2972 1426 3043 apud

252 3062 385 3117 Babrium
405 3068 511 3119 certum
530 3063 633 3132 respici
652 3078 743 3133 genus
761 3079 818 3117 non
838 3062 875 3116 sit
894 3062 1073 3118 censendum.

299 3269 301 3274 Ι
341 3189 370 3260 2)
389 3190 485 3259 Lupus
503 3189 532 3244 in
551 3188 598 3243 eis·
610 3204 681 3258 quos
700 3187 785 3242 hodie
804 3187 953 3243 Abrnnzen
977 3188 1154 3258 appellamus
1173 3186 1315 3243 montibus
1334 3186 1426 3241 flavos

254 3293 317 3333 osse
335 3283 432 3332 notum
451 3283 502 3334 est.

341 3422 370 3491 3)
388 3420 433 3475 Ab
462 3420 667 3475 adiectivorum
694 3419 792 3474 formis
821 3419 975 3488 antiquitus
1002 3418 1131 3474 femineis
1163 3418 1309 3487 complura
1336 3416 1427 3472 verba

256 3528 318 3566 eum
336 3511 453 3581 propria
471 3515 529 3564 tum
548 3510 725 3581 appellativa
749 3510 778 3563 in
796 3531 854 3569 -ιας
872 3508 1004 3564 cadentia
1023 3513 1115 3561 ortum
1133 3506 1254 3561 habent:
1284 3505 1428 3576 ἀσφαλιέας,

254 3603 364 3667 αἰολίας,
388 3603 537 3673 καρχαρίας,
563 3602 665 3671 καιρίας,
691 3602 807 3663 tertiae,
833 3598 949 3671 πυρρίας,
974 3600 1086 3668 cupitae,
1110 3612 1229 3665 quorum
1248 3596 1365 3665 primum
1384 3600 1428 3650 est

254 3690 391 3761 spondyli
418 3689 565 3761 (spinalis),
592 3695 687 3745 cetera
706 3688 865 3742 animalium
883 3687 1060 3756 quorundam
1079 3686 1200 3752 nomina,
1225 3689 1316 3753 neque
1334 3690 1427 3740 tamen

254 3781 295 3835 ita
313 3778 438 3849 propria,
457 3784 488 3833 ut
507 3778 545 3833 ad
563 3779 635 3833 alias
653 3793 700 3833 res
719 3776 867 3832 transferri
886 3792 943 3830 non
962 3774 1088 3845 possint3
1107 3774 1144 3831 cf.
1162 3773 1300 3829 Lobeokii
1317 3773 1428 3830 Pathol.

254 3869 369 3937 Proleg.
387 3868 456 3939 4993
483 3868 515 3924 E.
534 3867 646 3934 Maass,
671 3867 725 3939 Die
744 3864 883 3921 Griechen
903 3865 931 3918 in
952 3863 1127 3931 Sitdgallien,
1147 3884 1180 3912 =
1199 3861 1381 3918 Jahreshefte
1401 3861 1428 3916 d.

257 3956 441 4012 Oesterroich.
454 3955 629 4025 Archdolog.
642 3955 770 4010 Instituta
789 3956 849 4008 vol.
861 3954 901 4007 IX
919 3952 1011 4022 (1906)
1030 3969 1058 4022 p.
1073 3954 1125 4007 140
1143 3951 1272 4022 adn.11;
1291 3951 1429 4005 nonnulla

256 4046 292 4101 de
310 4046 364 4100 hac
382 4061 413 4100 re
437 4046 513 4115 apud
531 4046 758 4113 Ktihner·Blass,
786 4042 961 4099 Grammatik
978 4042 1007 4108 1,
1026 4043 1065 4096 2⁸
1082 4058 1110 4111 p.
1128 4041 1190 4097 281.
1226 4041 1370 4094 Permulta
1388 4039 1429 4094 in·

256 4134 360 4206 spicios
379 4134 508 4204 exempla
526 4134 603 4205 apud
621 4133 761 4201 licinium,
788 4133 843 4187 Die
861 4130 1076 4201 namcnartigcn
1094 4129 1256 4199 Bildungen
1274 4128 1303 4183 d.
1322 4128 1428 4199 grisch.

257 4222 392 4294 Sprecho,
412 4244 446 4273 =
466 4222 587 4278 Gurtins’
607 4221 725 4279 Studien
743 4221 790 4290 IX,
809 4238 837 4291 p.
859 4222 910 4276 177
929 4234 990 4289 sqq.

344 4366 374 4436 4)
392 4364 447 4421 Ubi
465 4370 599 4434 quattuor
617 4380 752 4435 equorum
770 4364 883 4418 nomina
902 4367 1023 4431 exstant,
1042 4362 1172 4431 equibus
1185 4351 1240 4415 tria
1253 4359 1290 4413 ob
1303 4360 1428 4415 colorem

255 4454 361 4509 indita:
379 4459 464 4515 Φοῖνιξ
482 4455 545 4521 (nos
565 4453 700 4522 „Fuchs“‚
722 4453 904 4522 „Brauner“),
923 4453 1012 4524 Κόραξ
1030 4450 1195 4520 („Rappe“),
1214 4450 1336 4508 Kraxtar.

1216 4554 1234 4608 a
