3584 5400
849 652 1071 721 ..44-

463 847 598 916 ciconia
634 848 739 934 igitur
777 848 867 918 veris
905 849 1024 917 nuntia
1068 849 1141 920 aris
1176 854 1250 918 erat
1285 850 1436 918 omnihus
1466 869 1547 919 cara

374 959 409 1022 et
432 960 587 1040 aceepta3
619 975 660 1023 ex
682 957 745 1023 hac
768 959 891 1024 natura
914 955 1011 1025 varia
1040 957 1112 1025 eius
1135 958 1286 1041 epitheta
1309 957 1468 1044 originem
1491 977 1546 1025 su-

373 1067 475 1130 munt.
521 1063 562 1130 In
584 1063 703 1146 quihus
734 1064 817 1130 haee
840 1082 971 1148 puoque
994 1065 1139 1132 Phaedri
1168 1065 1365 1150 cognomina
1393 1064 1549 1132 habenda

376 1176 467 1237 aunt:
499 1170 581 1237 nihil
612 1170 872 1238 extraordinarii
901 1190 1008 1255 neque
1039 1171 1216 1256 quidquam
1247 1172 1418 1257 singulare
1439 1171 1475 1238 in
1498 1171 1547 1240 eis

372 1297 542 1346 recurrere
564 1277 759 1346 invenimus.
775 1315 818 1326 -

463 1420 529 1487 Hic
559 1439 623 1487 uon
655 1420 870 1488 omittendum
901 1424 981 1506 puto
1013 1421 1112 1489 alium
1142 1421 1258 1504 locum,
1289 1440 1353 1504 quo
1376 1421 1549 1489 Phaedrus

374 1526 576 1594 Graecorum
590 1527 737 1595 aemulus
750 1528 878 1596 Graeco
892 1529 1054 1597 vocabulo
1071 1533 1183 1612 spreto
1199 1527 1354 1596 Latinum
1371 1527 1474 1595 infert
1489 1525 1549 1613 (cf.

374 1633 492 1719 epilog.
515 1634 571 1702 lib.
594 1635 638 1717 11,
661 1655 691 1704 v.
715 1634 761 1722 8).
796 1635 946 1720 Append.
970 1635 1037 1704 fab.
1056 1634 1100 1703 28
1123 1635 1165 1703 de
1178 1637 1273 1724 flore,
1297 1635 1353 1702 ubi
1375 1634 1550 1703 Phaedrus

374 1741 417 1808 ad
440 1741 531 1809 fibris
555 1761 672 1810 nomen
695 1745 778 1811 haec
802 1743 960 1810 adnotat:

589 1888 700 1952 Gracci
724 1889 860 1974 loquaces
881 1909 969 1975 quom
992 1889 1138 1953 dixerunt
1160 1895 1306 1954 castorem

587 1995 629 2060 nt
650 1996 829 2060 indiderunt
851 1995 961 2060 hestiae
983 2016 1093 2061 nomm
1115 1996 1173 2079 dci,

586 2103 653 2183 Illi,
677 2105 729 2189 qui
750 2103 866 2168 iactent
887 2122 918 2166 sc
942 2101 1102 2168 corborum
1125 2098 1256 2188 copio.¹)

372 2243 559 2310 Phaedrum
591 2263 648 2310 eos
671 2243 817 2311 Graecos
849 2243 991 2327 aggredi
1016 2249 1165 2327 apparet,
1196 2242 1252 2326 qui
1283 2247 1396 2310 castor
1417 2242 1550 2310 bestiae
1648 2280 1649 2287 κ

372 2351 569 2419 vocabulum
592 2371 613 2418 a
636 2351 773 2418 Castore
796 2352 897 2418 heroe
921 2350 1074 2420 derrvare
1097 2352 1265 2418 studeant.

461 2495 641 2562 Dioscoroe
665 2513 737 2561 oum
760 2495 913 2578 vulgaris
944 2494 1052 2579 opinio
1080 2498 1118 2561 ut
1141 2497 1320 2563 venatores
1342 2491 1550 2577 percipiebat

373 2606 443 2667 tum
467 2621 485 2668 e
510 2600 659 2668 Castoris
684 2601 774 2668 cultu
799 2620 916 2668 nomeu
941 2620 1056 2669 canum
1081 2600 1137 2683 qui
1160 2601 1396 2668 vocitabantur
1419 2599 1549 2665 Καστό-

372 2709 461 2799 proce
484 2714 598 2777 natum
621 2728 696 2776 esee
719 2728 785 2776 nou
811 2710 950 2777 deerant
981 2709 1037 2792 qui
1059 2710 1248 2776 traderent:
1282 2709 1400 2776 Pollux
1424 2710 1463 2789 V,
1486 2706 1529 2775 37
1540 2734 1549 2775 :
1649 2743 1650 2746 ¹

373 2814 622 2906 Καστόριοι(αι)
647 2816 686 2882 δὲ
708 2825 766 2881 καὶ
783 2815 994 2893 Μενελαΐδες
1017 2824 1074 2880 καὶ
1098 2814 1266 2902 Ἁρμόδιον
1291 2813 1364 2881 dno
1387 2819 1455 2882 τῶν
1470 2821 1548 2904 θρε-

375 2924 517 3011 ψάντων
541 2920 800 3010 ὠνομάσθησαν.
826 2921 885 2990 39:
909 2926 946 2987 at
970 2922 1009 2988 δὲ
1032 2923 1232 3010 Καστορίδες
1256 2922 1423 3010 Κάστορος
1445 2928 1548 3011 θρέμ-

372 3056 476 3117 ματα,
500 3028 709 3107 Ἀπόλλωνος
732 3030 772 3094 cd
798 3031 921 3117 δῶρον·
945 3029 1073 3107 ταύτας
1090 3028 1120 3095 d'
1139 3027 1158 3094 o‘
1174 3026 1279 3107 αὐτός
1296 3018 1389 3107 οὗτος
1407 3028 1546 3117 ποιητής

373 3138 422 3226 (=
445 3139 609 3205 Nicander
620 3135 647 3223 2)
687 3137 775 3203 εἶναι
812 3136 874 3215 ταὶς
914 3135 1128 3214 draconteae
1157 3137 1256 3219 λέγει,
1290 3137 1475 3222 μιξαμένον
1505 3136 1548 3200 τό

371 3256 465 3328 γένος
488 3242 638 3310 ἀλώπεκι
663 3243 839 3332 Κάστορος.
893 3245 1078 3329 Xenophon
1101 3244 1142 3312 de
1164 3248 1275 3313 venat
1298 3242 1329 3327 3,
1353 3243 1391 3310 1:
1431 3242 1483 3308 To?
1510 3243 1549 3308 δὲ

372 3362 449 3438 γένη
480 3355 547 3418 τῶν
577 3354 685 3418 κανῶν
715 3351 784 3416 ἐστι
817 3352 933 3417 δισσά·
965 3354 1002 3416 αἱ
1032 3356 1094 3436 μὲν
1125 3349 1190 3438 γαρ
1221 3349 1408 3438 καστόριαι,
1442 3353 1479 3414 αἱ
1509 3350 1549 3415 δὲ

374 3457 587 3536 accusatore.
614 3455 743 3543 Ἔχουσι
768 3459 798 3524 d’
815 3461 852 3523 oet
875 3463 938 3542 μὲν
954 3458 1142 3546 Καστὸριαι
1164 3456 1226 3544 τήν
1249 3457 1446 3541 ἐπωνυμίαν
1468 3457 1548 3523 ταύ-

372 3592 442 3655 την,
468 3562 519 3632 ὅτι
543 3566 684 3654 Κάστωρ
708 3562 827 3653 ἡσθεὶς
850 3568 899 3653 τῷ
922 3562 1003 3654 ἔργῳ
1027 3566 1175 3650 μάλιστα
1200 3562 1309 3641 αὐτας
1332 3562 1545 3650 διεφύλαξεν.

374 3854 416 3924 18,
428 3853 496 3922 2373
516 3851 634 3921 Oppiam.
648 3851 756 3920 (luent.)
775 3852 800 3923 2,
813 3854 846 3919 83
865 3866 976 3907 carmen
990 3849 1166 3904 Rhodiorum
1178 3850 1387 3905 hirundininum
1399 3849 1444 3920 (Ξ
1455 3848 1547 3904 earm.

372 3942 470 4012 popul.
489 3942 525 3997 44
547 3940 727 4009 Hill.-0rUS.).
770 3939 812 3995 Cf.
838 3938 1056 4013 πιρν<αγίρ>νρια”
1081 3938 1097 4007 ἦ
1120 3944 1325 4013 παραγγέλλουσα
1349 3941 1393 4010 τῆν
1416 3938 1491 4012 ὤραν,
1517 3943 1549 3993 ut

372 4032 489 4086 Photius
521 4046 556 4085 ex
580 4030 684 4087 Naheri
713 4030 875 4085 coniectura
904 4030 1035 4085 alaudam
1063 4029 1189 4085 nominat
1222 4029 1354 4101 (Herw.);
1385 4029 1436 4085 sed
1461 4025 1547 4083 valde'

372 4121 481 4177 incerta
498 4137 564 4177 vox.

462 4231 488 4298 1)
507 4228 560 4283 Hic
585 4226 708 4281 fortaam
731 4226 891 4281 Phaedrum
917 4241 952 4281 ex
976 4226 1068 4281 lexico
1093 4227 1216 4295 quodem
1239 4225 1347 4281 bestiae
1372 4241 1475 4281 nomen
1500 4238 1547 4279 ex-

373 4317 500 4373 hausisse
519 4315 657 4371 hiaaeeius
676 4314 844 4385 suspicatur.
1322 4371 1324 4375 ,

461 4424 490 4493 2)
509 4422 545 4479 ci.
565 4423 636 4493 Opp.
656 4422 764 4494 Cyneg.
781 4423 815 4495 Π,
835 4422 870 4479 14
888 4438 945 4493 aq.;
972 4421 1089 4479 Anthol.
1108 4424 1168 4480 Pal.
1186 4424 1234 4496 VI,
1254 4424 1305 4479 169
1323 4421 1465 4494 Agathiae
1489 4420 1547 4491 epi·

372 4530 499 4586 gramma
517 4512 734 4569 dedicatorium:
753 4515 902 4585 xoompttor
920 4511 1009 4567 tau.
1046 4513 1118 4568 Hine
1138 4512 1255 4570 Snidaaa
1277 4515 1442 4586 aucupiam·
1460 4518 1546 4567 κυνῶν.
