3584 5400
470 1527 472 1534 ‘
564 1553 566 1558 ¹
678 1513 814 1630 Caput
841 1480 1035 1630 primum.

356 1802 553 1870 Animalium
587 1803 770 1871 nominibus
806 1803 944 1871 Graecis
979 1807 1013 1870 et
1043 1802 1172 1871 Latinis
1205 1823 1272 1872 non
1305 1805 1440 1871 multam

268 1910 374 1978 adhue
396 1910 460 1980 viri
483 1910 571 1978 docti
593 1914 801 1979 navaverunt
823 1930 965 1996 operam.
1007 1911 1090 1978 Nam
1112 1912 1245 1994 praeter
1266 1911 1334 1995 illa,
1356 1931 1441 1994 qnae

268 2017 346 2085 Otto
369 2018 519 2086 Kellerus
542 2018 577 2085 in
600 2019 872 2086 commentatione
896 2019 980 2086 satis
1003 2018 1096 2086 brevi
1106 2015 1133 2103 1)
1157 2018 1197 2085 do
1219 2019 1284 2087 hac
1303 2018 1442 2086 materia

267 2125 394 2208 profert
434 2125 596 2194 vocabula
641 2125 788 2210 disperse
830 2128 865 2193 et
906 2125 1026 2193 diffuse.
1063 2127 1200 2193 servata
1239 2145 1339 2193 unum
1380 2127 1441 2193 snb

265 2235 438 2316 aspectum
472 2232 652 2314 subiciens,
690 2233 748 2302 vix
782 2232 955 2315 quisquam
988 2233 1095 2300 adhuc
1129 2232 1170 2298 de
1204 2251 1245 2322 ea
1278 2231 1442 2301 disseruit.

267 2327 377 2422 Atque
407 2340 493 2407 idem
522 2339 578 2407 ille
609 2339 815 2422 antiquorum
839 2359 957 2406 rerum
991 2338 1191 2406 naturalium
1224 2338 1443 2422 peritissimus

267 2431 445 2532 indagator
472 2447 507 2514 in
537 2465 635 2531 opere
666 2465 724 2514 suo
757 2447 797 2513 de
829 2443 1061 2532 animalibnsl)
1091 2446 1361 2530 praeclarissimo·
1377 2456 1442 2513 non

267 2556 336 2620 tam
365 2553 497 2620 nomina
527 2573 623 2636 quam
660 2556 822 2620 certarum
856 2553 1038 2624 bestiarum
1071 2553 1242 2620 historiam
1274 2553 1442 2621 illustrare

267 2659 380 2730 voluit.
436 2661 483 2728 Ae
513 2658 787 2749 Thompsoniusi)
823 2660 925 2728 utin
960 2660 1070 2730 avium
1101 2659 1302 2733 Graecarum
1336 2661 1442 2729 lexico

148 2850 153 2857 Ι
267 2768 468 2853 singularem
498 2770 661 2851 quandam
687 2789 796 2837 rerum
820 2772 854 2836 et
876 2770 1050 2837 verborum
1074 2769 1208 2853 collegit
1230 2768 1364 2852 copiam,
1393 2769 1443 2835 ita

266 2873 301 2941 in
324 2874 463 2959 singulis
485 2875 621 2943 vocibus
644 2871 823 2943 rarioribus
846 2875 978 2960 longius
1001 2894 1066 2941 non
1084 2863 1232 2948 moratus
1248 2878 1309 2943 est.
1346 2871 1443 2943 Aliae

268 2982 408 3064 denique
431 2974 720 3051 commentationes
751 2986 789 3051 ut
812 2979 938 3063 Ooolrii,
965 2982 1068 3065 HilIii,
1097 2982 1220 3049 Allenii
1245 2982 1280 3049 in
1302 2982 1443 3068 Anglica

268 3088 473 3170 ephemeride
497 3090 550 3156 cui
571 3082 688 3157 titulus
713 3092 765 3157 est
787 3090 857 3155 The
881 3088 1041 3156 Classical
1063 3086 1236 3175 Review4)
1262 3088 1442 3173 impressae

268 3195 393 3262 selecta
431 3195 600 3280 attingunt
634 3199 669 3262 et
702 3213 809 3280 pauca
847 3195 942 3278 quasi
978 3196 1013 3262 in
1047 3196 1191 3263 transitu
1230 3195 1444 3264 animantium

267 3302 438 3369 vocabula.
495 3302 587 3385 Quae
625 3321 698 3369 cum
734 3302 784 3369 ita
817 3301 903 3385 sint,
940 3301 1029 3371 viam
1062 3322 1121 3386 per
1153 3303 1240 3370 hanc
1272 3303 1443 3370 materiam

218 3488 220 3493 y
268 3409 407 3493 amplam
431 3422 465 3475 at
488 3410 646 3493 grandem
670 3408 812 3479 struenti
833 3409 955 3476 multas
971 3408 1185 3477 difficultates
1201 3412 1334 3477 obstare
1349 3428 1443 3476 namo

269 3518 321 3581 est
352 3514 428 3597 quin
457 3515 580 3583 videat.
630 3517 748 3598 Iaqne
780 3516 953 3598 quaerenti
983 3516 1061 3582 milri
1090 3515 1125 3582 in
1156 3518 1281 3583 certam
1310 3516 1443 3601 linguae

267 3621 468 3706 provinciam
503 3623 709 3709 compingere
745 3624 1014 3691 dissertationem
1047 3643 1088 3690 ea
1126 3642 1210 3706 qnae
1243 3622 1278 3690 in
1311 3622 1442 3690 fabellis

266 3729 426 3813 Aesopeis
439 3733 614 3819 occurrunt
625 3729 815 3797 animalium
825 3729 958 3796 nomina
970 3748 1055 3811 quaa
1067 3731 1292 3796 tractarentur
1303 3730 1442 3797 maxime

267 3836 368 3921 digna
391 3854 465 3903 esse
488 3836 695 3904 videbantur.
734 3838 844 3918 Atque
868 3835 1101 3918 cumprimum
1124 3837 1159 3903 in
1182 3836 1231 3903 eis
1254 3856 1338 3919 quae
1355 3836 1442 3920 apud

356 4048 383 4117 1)
402 4069 436 4096 =
458 4048 618 4113 „Ausland“
640 4048 718 4112 1879,
737 4065 764 4103 n.
778 4048 812 4102 23
832 4053 860 4101 et
879 4050 915 4102 24
932 4063 968 4102 ex
988 4040 1117 4102 oratione
1136 4048 1250 4117 publice
1269 4048 1374 4103 habita.

356 4136 385 4204 2)
403 4136 484 4190 Tiora
511 4136 561 4190 des
586 4135 765 4190 klassiachen
791 4136 948 4191 Altertume
976 4137 1003 4190 in
1030 4135 1365 4207 knlturgeachiohtlicher
1390 4137 1442 4191 Be·

267 4223 397 4293 ziehung‚
416 4224 575 4279 Innabruok
594 4225 671 4280 1887.

355 4314 382 4380 3)
400 4313 427 4367 Α
445 4314 579 4383 glossary
605 4312 635 4367 oi
661 4314 750 4382 greek
774 4314 853 4369 birds
878 4315 919 4385 by
937 4313 1053 4387 D’Aroy
1071 4314 1248 4371 Wentworth
1267 4314 1439 4384 Thompson‚

267 4401 377 4456 Oxiord
397 4404 475 4457 1895.

357 4491 384 4557 4)
402 4491 433 4545 In
452 4490 644 4545 voluminibus
663 4491 679 4545 8
700 4495 728 4545 et
747 4493 762 4545 9
782 4506 919 4545 annorum
938 4493 1009 4547 1894
1026 4509 1054 4561 p,
1066 4494 1117 4548 881
1138 4497 1166 4547 et
1185 4494 1255 4548 1895
1273 4509 1301 4562 p.
1315 4492 1357 4547 12.
1400 4550 1417 4570 -.
1430 4539 1452 4571 2,

535 4581 536 4584 ’
787 4580 789 4583 ’
1263 4602 1277 4653 1
1385 4570 1416 4652 t»
1429 4569 1468 4627 '⁴‘
