3584 5400
738 656 1008 737 -sv-'

264 885 302 933 eo
319 865 360 934 de
376 885 438 949 quo
455 885 542 934 nunc
554 865 682 950 agimus
694 866 782 948 loco;
799 865 874 935 Sen.
886 866 1027 935 Phaedr.
1040 863 1137 948 1002,
1154 862 1250 949 1082,
1267 866 1347 934 Oed.
1360 865 1435 950 143,

264 974 381 1057 Agam.
403 971 477 1042 660.
515 974 670 1041 Lucanus
694 993 808 1042 vocem
831 973 1026 1058 saepissime
1047 975 1203 1059 praebet:
1226 974 1253 1056 1,
1269 972 1344 1041 220.
1360 972 1435 1042 294.

263 1079 307 1162 Π,
319 1077 394 1150 501.
409 1081 466 1162 IV,
483 1079 557 1148 225.
570 1078 644 1148 750.
660 1080 717 1163 VI,
730 1079 782 1148 84.
795 1079 870 1149 397.
893 1083 967 1166 VII,
980 1080 1054 1149 528.
1079 1079 1241 1149 678724.
1257 1079 1435 1164 7Π1,295.

146 1219 147 1246 z
263 1187 390 1255 Valerii
405 1188 520 1255 Flacci
536 1193 637 1271 atque
661 1188 800 1255 aliorum
814 1188 906 1256 locos
922 1194 1095 1256 enumerat
1109 1188 1337 1273 Rittvvegerus
1353 1189 1375 1256 l.
1391 1208 1435 1271 c.;

146 1359 147 1370 ,
262 1293 348 1362 idem
371 1297 536 1379 permulta
559 1297 709 1379 exempla
732 1315 750 1363 o
773 1295 958 1363 recentiore
981 1295 1153 1363 latinitate
1173 1300 1306 1379 sumpta
1329 1295 1436 1363 affert.

351 1437 447 1522 Epici
476 1438 653 1523 praecipue
684 1438 863 1522 scriptores
894 1442 1013 1527 sonipes
1053 1439 1088 1504 in
1119 1438 1247 1506 deliciis
1277 1438 1436 1506 habuisse
1534 1476 1536 1481 ·

146 1569 147 1594 ¹
263 1545 427 1628 videntur,
441 1551 479 1612 ut
490 1551 581 1613 recte
594 1546 832 1615 animadvertit
843 1545 1086 1637 Rittwegerus:
1103 1565 1239 1629 quorum
1251 1545 1286 1611 in
1302 1545 1436 1629 scriptis

262 1653 419 1720 metricas
450 1637 542 1738 leges
566 1653 616 1719 ita
639 1652 766 1736 tulisse,
797 1657 835 1719 ut
858 1653 1083 1722 nominativus
1108 1658 1143 1720 et
1165 1653 1341 1722 vocativus
1370 1653 1436 1720 sin-

262 1760 390 1842 gularis
413 1758 501 1826 modi
524 1759 586 1826 soli
609 1765 858 1844 usurparentur,
877 1758 948 1843 'qua
964 1761 1005 1827 de
1021 1779 1123 1827 causa
1139 1759 1320 1844 singularis
1337 1779 1437 1842 saepe

262 1886 322 1949 pro
350 1866 472 1951 plurali
494 1885 627 1934 numero
652 1868 801 1951 ponitur:
833 1868 935 1952 Verg.
958 1868 1040 1936 Aen.
1062 1868 1121 1950 XI,
1147 1865 1222 1934 660.
1246 1867 1382 1949 81171
1406 1865 1436 1934 7.

263 1974 337 2056 VII,
360 1972 436 2041 299.
467 1973 552 2042 Stat.
575 1975 678 2064 Theb.
702 1975 741 2057 V,
765 1973 786 2041 3
815 1993 842 2042 e.
866 1994 893 2042 8.
947 1975 1059 2058 Neque
1091 1961 1202 2041 autem
1233 1993 1362 2058 semper
1394 1975 1436 2041 ad

252 2082 460 2175 ungularum
492 2082 636 2149 sonitum
659 2082 882 2150 denotandum
914 2101 1032 2149 nomen
1060 2081 1265 2149 adhibebant
1287 2070 1437 2149 Romani.

263 2189 423 2274 Quamvis
440 2208 504 2256 non
521 2188 631 2256 desint
646 2189 720 2271 loci,
741 2190 797 2257 ubi
813 2191 1009 2259 vocabulum
1026 2190 1214 2257 sententiae
1230 2190 1437 2274 aptissimum

263 2296 309 2364 sit
340 2296 397 2382 (cf.
421 2317 449 2365 8.
472 2317 521 2382 gr.
546 2301 657 2382 tragg.
680 2296 763 2365 inec.
786 2297 868 2364 illud
898 2319 929 2382 p.
953 2296 1016 2364 271
1049 2298 1163 2365 Ribb:
1198 2300 1293 2386 opilia
1320 2301 1438 2384 sompes

262 2407 389 2492 rapitur
426 2405 516 2471 celeri
551 2408 653 2472 888118
690 2402 881 2491 trepidares),
927 2410 1040 2472 tamen
1085 2406 1207 2472 multos
1252 2404 1437 2473 invenimus

261 2511 364 2593 locos,
394 2511 511 2594 quibus
542 2510 627 2579 talia
657 2530 721 2579 uon
759 2511 939 2596 praecipue
977 2512 1205 2596 exprimantur
1235 2531 1340 2595 neque
1371 2512 1438 2579 vim

262 2618 370 2704 ipsam
391 2619 500 2704 poetis
524 2624 604 2685 ante
628 2620 739 2687 oculos
763 2624 936 2688 versatam
960 2639 1035 2687 esse
1059 2625 1215 2705 apparet:
1230 2621 1332 2705 Verg.
1355 2620 1437 2687 Aen.

263 2728 320 2809 IV,
337 2725 411 2794 135.
439 2726 499 2809 XI,
516 2725 581 2794 637
596 2748 643 2810 sq.
668 2726 1062 2811 (181111.Α181.207,618
1087 2727 1143 2814 (de
1167 2727 1300 2813 sidere).
1345 2728 1437 2796 Idem

264 2834 437 2902 dicendum
465 2840 519 2902 est
541 2836 582 2902 de
605 2835 749 2902 Phaedri
779 2836 842 2903 1188
866 2836 989 2918 fabula,
1019 2854 1082 2918 quo
1112 2836 1185 2903 loco
1209 2841 1247 2902 ut
1270 2834 1438 2918 sonipedis

264 2960 346 3010 voce
370 2945 523 3009 uteretur
538 2943 642 3011 verba
657 2942 868 3026 permutandi
883 2942 1046 3010 desiderio
1063 2943 1234 3011 Phaedrus
1258 2950 1437 3011 commotus

263 3066 339 3116 esse
354 3048 495 3131 videtur,
511 3050 707 3133 praesertim
723 3068 796 3117 cum
811 3050 1010 3119 brevissima
1026 3050 1150 3133 fabula,
1174 3051 1207 3117 in
1224 3070 1289 3134 qua
1303 3054 1438 3134 praeter

264 3174 383 3238 equum
413 3160 448 3223 et
479 3174 594 3240 aprum
624 3157 716 3223 nulla
740 3156 897 3224 animalia
927 3158 1099 3226 nominata
1122 3163 1228 3241 erant,
1260 3158 1437 3225 mutandas

263 3263 504 3348 appellationes
527 3282 587 3346 per
610 3282 647 3331 se
669 3264 736 3331 iam
758 3270 920 3348 posceret.

352 3407 479 3493 Sonipes
486 3403 513 3492 ¹)
538 3425 559 3473 8
581 3406 689 3491 poetis
706 3406 866 3492 originem
887 3427 1016 3475 sumere
1032 3428 1106 3476 cum
1120 3408 1327 3493 Rittwegero
1353 3402 1437 3475 veri-

265 3513 463 3581 simillimum
485 3518 575 3596 puto,
601 3534 685 3598 quae
709 3515 876 3582 sententia
900 3516 977 3584 iude
993 3518 1234 3599 comprobatur,
1258 3516 1345 3598 quod
1358 3538 1437 3604 qoo-

263 3623 378 3709 drcpcs
401 3640 441 3687 ac
463 3625 600 3709 cornipes
622 3642 698 3689 1818
721 3622 756 3688 in
778 3623 927 3705 pedestri
951 3642 1101 3691 sermone
1125 3628 1311 3706 occurrunt,
1341 3625 1437 3711 alipes

265 3727 355 3795 aliud
371 3727 446 3812 equi
462 3728 633 3812 epitheton
650 3749 722 3797 cum
739 3730 853 3797 eodem
863 3752 920 3818 pes
942 3730 1159 3815 compositum
1175 3730 1241 3798 uisi
1256 3731 1290 3797 in
1305 3730 1439 3813 poetica

263 3835 379 3919 lingua
402 3835 499 3903 hodie
522 3854 588 3903 non
610 3836 743 3921 legitur.

354 3977 419 4046 Sed
443 3980 486 4045 ad
513 3979 687 4047 historiam
709 3980 863 4050 vocabuli
884 3951 1073 4049 eruendam
1096 3982 1206 4050 nescio
1238 4001 1282 4049 an
1304 3983 1437 4067 paulum

264 4085 379 4170 profici
409 4086 517 4170 possit
547 4106 588 4153 ex
618 4088 741 4172 glossis
773 4087 862 4155 inter
893 4106 976 4171 quas
1006 4089 1148 4157 recurrit
1182 4088 1315 4173 sonipes
1339 4090 1438 4156 aliter

265 4193 433 4277 scriptum.
485 4194 570 4261 Nam
611 4200 745 4278 praeter
780 4194 982 4263 OGLIV
1012 4195 1091 4280 178,
1127 4194 1187 4278 13,
1227 4197 1283 4262 ubi
1315 4200 1438 4284 sonipes

354 4444 381 4513 1)
399 4442 480 4497 Marx
508 4443 545 4497 ad
568 4443 704 4498 Lucilium
730 4444 783 4499 506
811 4445 935 4505 δασύπους
960 4461 1072 4513 quoque
1100 4444 1273 4500 Graecorum
1301 4462 1319 4499 8
1345 4446 1438 4515 poetis

265 4532 354 4601 (solis)
374 4532 500 4587 exhiberi
519 4538 623 4603 conset,
649 4550 732 4603 quam
751 4534 913 4605 opinionem
930 4534 1032 4611 falsam
1051 4550 1113 4591 essa
1132 4551 1218 4605 supra
1236 4535 1437 4591 demonstravi.
