3584 5400
832 660 1053 732 —60-

351 855 467 944 lingua
499 857 658 945 originem
689 857 809 929 duoere
843 860 936 929 terto
968 861 1182 948 eognovimus
1216 860 1292 930 aliis
1325 859 1362 929 in
1393 858 1530 930 uocibus

247 955 249 958 ’
352 963 485 1053 integra
504 964 624 1034 reliota
646 966 850 1049 quaestione.

441 1072 597 1157 Sequitur
625 1073 776 1157 quaestio
805 1075 874 1158 illa,
904 1074 948 1144 ad
979 1094 1086 1160 quam,
1116 1077 1154 1144 ut
1174 1075 1210 1144 in
1235 1075 1443 1161 praefatione
1464 1071 1531 1144 iam

352 1179 569 1264 exposuimus,
582 1179 670 1260 ¹iere
699 1182 826 1251 summo
854 1184 990 1251 nostrae
1016 1176 1248 1268 disputationis
1270 1181 1448 1252 referenda
1469 1183 1533 1265 est,

353 1305 459 1371 quae
493 1286 662 1357 nomina
693 1306 769 1374 per
799 1289 1065 1375 scriptorum
1093 1290 1163 1360 vel
1192 1289 1414 1375 poetarum
1440 1292 1532 1358 tra·
1561 1313 1564 1319 ·

349 1392 1138 1467 ditionemconservatainveniantur
1155 1400 1195 1466 et
1211 1396 1531 1483 quaeauulgari

353 1520 560 1571 sermono
580 1502 754 1574 initium
787 1503 969 1574 sumant.
1021 1504 1098 1573 Hae
1128 1503 1164 1573 in
1197 1521 1235 1573 re
1265 1504 1466 1574 Graeoorum
1495 1505 1531 1572 et

352 1609 571 1679 Romanorum
601 1611 779 1697 soriptores
810 1612 1008 1681 fabellarum
1030 1612 1129 1683 valde
1155 1610 1244 1681 iuter
1265 1631 1302 1682 se
1325 1612 1531 1696 disorepant;

350 1715 387 1785 in
408 1716 460 1786 his
482 1717 645 1803 poetieam
667 1718 887 1803 traditionem,
917 1719 953 1787 in
982 1719 1050 1788 illis
1072 1719 1262 1805 popularem
1284 1720 1359 1805 plus
1381 1718 1530 1788 valuisse

352 1825 571 1911 eognovimus,
595 1846 668 1896 oum
689 1829 800 1896 tamen
823 1828 933 1895 utrum
945 1829 1040 1896 reeta
1053 1827 1110 1897 via
1125 1846 1169 1895 au
1179 1825 1373 1896 circuitione
1389 1826 1531 1910 quadam

350 1931 387 2001 in
408 1934 513 2002 verba
534 1933 710 2003 inciderint
732 1938 885 2004 auotores
909 1953 1039 2019 sempor
1061 1932 1222 2003 diudioari
1243 1953 1310 2002 nou
1332 1933 1449 2020 possit.

439 2059 569 2128 Morum
597 2062 802 2144 naturaeque
830 2061 1013 2129 bestiarum
1044 2060 1080 2129 in
1109 2058 1293 2129 nominibus
1326 2059 1530 2145 imponendis

352 2165 529 2251 soripto‘ros
552 2185 651 2250 quam
665 2167 827 2237 rationem
841 2167 1027 2251 habuerint,
1050 2187 1246 2254 quamquam
1266 2171 1368 2237 antea
1387 2167 1454 2236 iam
1468 2168 1530 2236 sub

352 2273 487 2345 vocibus
511 2273 734 2359 disseruimus,
761 2278 874 2344 tamen
895 2275 1090 2346 breuissime
1111 2276 1166 2346 hio
1192 2275 1372 2361 repetendo
1395 2275 1528 2343 nomina

352 2379 426 2466 ipsa
448 2400 680 2453 ooaoervemus
702 2382 835 2468 singula
857 2383 1048 2453 aduertam
1072 2401 1217 2453 normam
1240 2383 1467 2452 conferentes:

441 2487 476 2574 1)
500 2488 640 2558 Nomina
661 2489 705 2558 ad
728 2490 853 2559 animos
876 2491 1066 2560 animalium
1088 2489 1293 2576 spectantia;

353 2596 504 2674 καλλιας,
512 2595 611 2682 popul,
622 2596 736 2686 κερδοῖ,
745 2597 879 2676 (urolt),
892 2598 928 2667 in
939 2598 1062 2667 fabulis
1075 2618 1156 2668 sane
1167 2597 1266 2683 paulo
1278 2595 1410 2682 saepius
1422 2597 1529 2667 obvia.

441 2703 477 2792 2)
499 2704 639 2774 Nomina
661 2725 679 2774 e
702 2725 873 2793 corporum
893 2708 1153 2794 proprietatibus
1176 2708 1347 2791 exoerpta:

353 2832 373 2881 e
396 2811 504 2880 ooloro
526 2821 672 2900 κνηκίας,
696 2811 911 2901 (deoolor);¹)

353 2920 391 2987 ut
412 2917 542 2989 hisuta
565 2918 746 2999 δασύπους,
771 2924 902 3011 lantper,
926 2920 1029 2992 variis
1053 2921 1095 2989 do
1113 2921 1223 2991 oausis
1238 2920 1346 2991 indita
1361 2918 1531 3010 [parvulaz

353 3028 394 3095 ob
425 3040 563 3112 parvum
590 3025 740 3117 oorpusJ,
770 3033 966 3115 terraneolo,·
990 3033 1158 3118 perefflua
1189 3032 1331 3114 ooluoie,
1363 3025 1530 3118 [auritus]‚

352 3138 481 3221 sonipes,
506 3154 642 3218 quorum
663 3135 811 3205 rationes
832 3138 1028 3223 perspicuae
1050 3140 1138 3206 suni.

441 3260 506 3328 Illa
528 3261 697 3330 tamenin
719 3264 914 3331 transcursu
936 3282 1188 3332 commemorare
1217 3262 1316 3345 volui,
1339 3282 1445 3347 neque
1468 3263 1531 3331 hoo

353 3386 488 3453 prorsus
519 3366 708 3438 differamus
739 3389 897 3454 quaerere
922 3372 1023 3439 -et
1052 3370 1106 3438 hio
1136 3370 1238 3439 etiam
1267 3389 1306 3437 eo
1336 3368 1532 3439 revertimur

353 3474 463 3544 unde
484 3474 744 3561 principium
766 3476 1092 3562 disputationis
1115 3477 1369 3562 sumpsimus
1385 3477 1530 3560 —'‚num

353 3582 436 3651 talia
458 3582 659 3652 odendamus
690 3580 878 3652 animalium
907 3585 1049 3669 nomina,
1078 3604 1163 3669 quae
1189 3584 1374 3655 fabularum
1398 3584 1531 3670 propria

353 3690 409 3760 vel
430 3709 490 3775 per
519 3690 660 3760 labellos
690 3690 866 3777 praecipue
894 3696 1081 3779 propagata
1107 3709 1182 3762 esee
1205 3691 1351 3777 eluooat3
1380 3691 1467 3776 quod
1495 3692 1532 3760 in

353 3796 458 3886 κερδοῖ
481 3800 515 3866 et
537 3797 627 3884 μιμῶ
649 3798 818 3869 uocabulis
840 3794 1109 3871 verisimillimum
1131 3799 1238 3870 visum
1260 3802 1322 3868 est.
1367 3800 1418 3869 Ao
1440 3803 1530 3868 oerto

354 3902 483 3989 quidem
519 3902 554 3972 iu
591 3904 775 3990 glossarum
812 3906 982 3994 lanugine
1020 3910 1289 3979 oosoervatarnm
1326 3926 1411 3991 quae
1447 3906 1532 3975 talia

354 4011 486 4081 nomina
509 4013 551 4080 ab
582 4012 731 4082 omnibus
754 4013 910 4098 gentibus
941 4007 1102 4100 usmpata
1123 4015 1217 4085 nobis
1240 4014 1387 4097 madent,
1409 4015 1530 4082 multas

353 4138 453 4189 voees
477 4138 534 4189 eas
556 4118 666 4189 inesse
690 4140 815 4190 summa
838 4123 951 4191 exstat
965 4120 1190 4207 probabilitas,
1212 4141 1297 4206 quae
1315 4121 1350 4189 in
1366 4123 1531 4190 tertarum

353 4226 500 4314 gentium
522 4226 645 4296 fabulis
667 4227 711 4298 ad
736 4226 862 4298 bestias
885 4228 1121 4315 significandas
1150 4228 1334 4314 vulgariter
1362 4227 1530 4297 exhibitae

393 4438 901 4586 mln11)Dehuorerldeliellerum
925 4440 955 4497 in
974 4440 1209 4499 oomment'atione
1234 4440 1283 4497 illa
1307 4438 1344 4497 de
1368 4441 1530 4498 animalium

355 4546 393 4587 uo
452 4529 524 4587 ‘bus
